<!doctype html>
<html class="no-js" lang="cs">
    <head>
        <meta charset="utf-8">
        <title>
                Nápoje | Košík.cz
        </title>
        <meta name="description" content="">
        <meta name="viewport" content="width=device-width, initial-scale=1.0, minimum-scale=1.0, maximum-scale=1.0, user-scalable=0">
        <meta name="google-site-verification" content="D_TktPqmDVHPoqRO1IIcPVlm_ozerAa43QP0QcKATP0">
        <link rel="apple-touch-icon" href="/css/images/logo.png">
        <link rel="stylesheet" type="text/css" href="/css/slim.min.css">

<link rel="stylesheet" type="text/css" href="/webtemp/cssloader-6fe495a87813.css?1511526458">
<script type="text/javascript" src="/webtemp/jsloader-e4f5f7728c43.js?1511346204"></script>
        
<script type="text/javascript">
    function currentPageDataPush() {
	    window.dataLayer = window.dataLayer || [];
	    window.dataLayer.push({
		    'pageType': "category",
		    'pageCategory': ["Nápoje"],
		    'visitorLoginState': 'Anonymous',
			
	    });
    };
    currentPageDataPush();
</script>
<!-- Google Tag Manager -->
    <script>
        (
            function(w,d,s,l,i){
                w[l]=w[l]||[];
                w[l].push({'gtm.start':new Date().getTime(),event:'gtm.js'});
                var f=d.getElementsByTagName(s)[0],j=d.createElement(s),dl=l!='dataLayer'?'&l='+l:'';
                j.async=true;
                j.src='https://www.googletagmanager.com/gtm.js?id='+i+dl;
                f.parentNode.insertBefore(j,f);
            }
        )(window,document,'script','dataLayer',"GTM-MXLVZK");
    </script>
<!-- End Google Tag Manager -->                    </head>
    <body>
<!-- Google Tag Manager (noscript) -->
	<noscript><iframe src="https://www.googletagmanager.com/ns.html?id=GTM-MXLVZK" height="0" width="0" style="display:none;visibility:hidden"></iframe></noscript>
<!-- End Google Tag Manager (noscript) -->
	            <div id="fb-root"></div>
        <script async>(function (d, s, id) {
                var js, fjs = d.getElementsByTagName(s)[0];
                if (d.getElementById(id)) return;
                js = d.createElement(s);
                js.id = id;
                js.src = "//connect.facebook.net/en_US/sdk.js#xfbml=1&version=v2.4&appId=680354828760786";
                fjs.parentNode.insertBefore(js, fjs);
            }(document, 'script', 'facebook-jssdk'));
        </script>
        <div class="black-overlay"></div>
        <div id="kosik-modal-blur">
<div id="snippet--wholeContent">	<!--[if lt IE 8]>
	<p class="browserupgrade">You are using an <strong>outdated</strong> browser. Please <a
			href="http://browsehappy.com/">upgrade your browser</a> to improve your experience.</p>
	<![endif]-->
	<div class="body">
		<div id="skiptocontent">
						<button onclick='location.href = "#maincontent";'  class="skip-link" accesskey="o" tabindex="1" aria-label="Přejít na hlavní obsah (klávesa o)">Hlavní obsah [o]</button>
			<button onclick='location.href = "#big-menu";'  class="skip-link" accesskey="n" tabindex="1" href="" aria-label="Přejít na navigaci (klávesa n)">Přejít na navigaci [n]</button>
			<button onclick='location.href = "#frm-suggester-suggester-phrase";'  class="skip-link" accesskey="v" tabindex="1" aria-label="Přejít na vyhledání (klávesa v)">Přejít na vyhledání [v]</button>

				<button class="skip-link blur-modal-overlay kosik-modal-open log-out-icon" tabindex="1" data-target="login-modal" aria-label="Přihlásit se (nejste přihlášen)">Přihlásit se</button>
		</div>

		<header>
			<div class="zone-wrapper zone-header-wrapper clearfix">
<div id="snippet-cookiesAgreementControl-bar">    <div class="region region-cookie-message">
        <div class="region-inner region-cookie-message-inner">
            <span>Cookies nám pomáhají poskytovat lepší služby. Používáním/zobrazováním stránky vyjadřujete souhlas s jejich používáním a uchováváním.</span>
            <a class="btn-info ajax" aria-label="Souhlasím s používáním a uchováváním cookies" href="/napoje?do=cookiesAgreementControl-agree">Souhlasím</a>
        </div>
    </div>
</div>				<div class="zone zone-header clearfix">
					<div class="region region-header">
						<div class="region-inner region-header-inner">
							<div class="block block-logo">
								<a class="header-logo" href="/">
									<img src="/css/images/logo.svg" alt="logo Kosik.cz">
								</a>
							</div>
<script>
    $(document).ready(function(){
        var timeout;

		$('.block-suggester-container').on('click',function(e){

			e.stopPropagation();

        });

        $('.block-suggester-container .suggester input[type=text]').keyup(function(){
            var self = $(this);

            if(timeout) clearTimeout(timeout);

            timeout = setTimeout(function(){
                $.nette.ajax({
                    url: "https:\/\/www.kosik.cz\/napoje?do=suggester-suggest",
                    data: {
                        phrase: self.val()
                    }
                })
            }, 300);


        });

    });

    function gaPush(self, cat)
    {
        dataLayer.push({
            'event': 'ga.pageview',
            'pagePath': '/hledat?q='+$('#frm-suggester-suggester-phrase').val()+'&cat='+cat,
            'pageTitle': 'Našeptávač'
        });

        window.location = self.href;
    }
</script>
<div class="block block-suggester-container" role="search">
    <div class="suggester">
        <form action="/napoje" method="post" id="frm-suggester-suggester" aria-label="vyhledávání na košíku">
            <input type="text" name="phrase" autocomplete="off" placeholder="Vyhledávání" id="frm-suggester-suggester-phrase">
            <input type="submit" name="_submit" value="Hledat" class="button-simple button-red">
        <input type="hidden" name="do" value="suggester-suggester-submit"><!--[if IE]><input type=IEbug disabled style="display:none"><![endif]-->
</form>

    </div>
<div id="snippet-suggester-suggestionResult"></div></div>
<script type="text/javascript" async>
    var ShoppingList = {
        toggle: function () {
            basic.toggleClass(document.getElementById('shopping-list-overlay'), 'active')
        }
    };

    basic.documentReady(function () {

        var textArea = document.getElementById('frm-shoppingList-listForm-queries');

        if (textArea)
            textArea.setAttribute('placeholder', 'Například: \n\nMléko \nChléb \nVejce \nMaso \nRajče \n\n\nPro zadání klikněte do pole')
    });

</script>
<div class="block block-shopping-list" id="shopping-list-overlay">
    <a id="shopping-list" class="shopping-list button-simple button-red" onclick="ShoppingList.toggle()">Nákupní lístek</a>

    <div class="shopping-list-detail">
        <h5>Nákupní lístek</h5>

        <p>Napište hledané položky a klikněte na HLEDAT</p>
        <form action="/napoje" method="post" id="frm-checklist-listForm">
        <textarea name="queries" placeholder="Například:&amp;#13;&amp;#10;" id="frm-checklist-listForm-queries">Chléb
Nízkotučný jogurt
Vejce
Hladká mouka</textarea>
            <div class="shopping-list-buttons">
                <a href="#" class="link-red" onclick="document.getElementById('frm-checklist-listForm').submit();">Uložit lístek</a>
                <a onclick="ShoppingList.toggle()" class="link-red">Skrýt lístek</a>
                <input type="submit" name="_submit" value="Hledat" class="button button-red">
            </div>
        <input type="hidden" name="do" value="checklist-listForm-submit"><!--[if IE]><input type=IEbug disabled style="display:none"><![endif]-->
</form>

    </div>
</div>
                        <div class="block block-user-session">

							<div class="user-session-group">
									<a class="log-icon log-out-icon blur-modal-overlay kosik-modal-open log-out-icon"
									   data-target="login-modal"
									   aria-label="Přihlásit se"
									   href="javascript:void(0)">
										<span><img src="/svg/log-out.svg"  title="Nepřihlášený uživatel"></span>
										Přihlásit
									</a>


							</div>

							</div>
							<script type="text/javascript">
								$(document).ready(function () {
									$('.block-user-session .button').click(function (event) {
										$('.block-user-session').toggleClass('open');
									});
								});
							</script>
						</div>
					</div>

					<div class="mobile-fixed-header" id="fixed-header">
						<span class="navigation-mobile only-mobile"></span>
						<span class="suggester-mobile-switcher icon-search"></span>
<div class="region region-nav-special" role="navigation">
    <div class="region-inner region-nav-special-inner">
        <ul>
            <li><a href="/produkty-v-akci" data-href="true" >
                    <img src="/svg/action.svg" aria-hidden="true" alt="akce">
                    <span class="item-name-desktop">Akce</span>
                </a></li>
            <li><a href="/vyprodej" data-href="true">
                    <img src="/svg/sale.svg" aria-hidden="true" alt="výprodej">
                    <span class="item-name-desktop">Výprodej</span>
                </a></li>
                        <li></li>
            <li><a href="/recepty" data-href="true">
                    <img src="/svg/recipes.svg" aria-hidden="true" alt="recepty">
                    <span class="item-name-desktop">Recepty</span>
                </a></li>

            <li><a href="/delikatesy">
                    <img src="/svg/deli.svg" aria-hidden="true" alt="delikatesy">
                    <span class="item-name-desktop">Delikatesy</span>
                </a></li>
            <li><a href="/specialni/nemecke-produkty">
                    <img src="/svg/german-products.svg" aria-hidden="true" alt="německé produkty">
                    <span class="item-name-desktop">Německé produkty</span>
                </a></li>
            <li><a class="christmas-link" href="/#christmas-inspiration">
                    <img src="/svg/vanoce.svg" aria-hidden="true" alt="Vánoce">
                    <span class="item-name-desktop">Vánoce</span>
                </a></li>
            <li><a href="/mikulas">
                    <img src="/svg/mikulas.svg" aria-hidden="true" alt="Mikuláš">
                    <span class="item-name-desktop">Mikuláš</span>
                </a></li>
        </ul>
    </div>
</div>

<div class="region region-navigation" id="big-menu" role="navigation">
    <div class="region-inner region-navigation-inner">
        <span class="navigation-mobile"></span>
        <script>
            $(document).ready(function () {
                $('.region-navigation ul > li.sub').hover(function () {
                    var isOpen = $(this).data().open;

                    if (!isOpen) {
                        var images = $(this).find('img');

                        images.each(function (index, element) {
                            $(element).attr('src', $(element).data().src);
                        });

                        $(this).data().open = true;
                    }
                });
            });
        </script>

        <ul>
                <li class="login-modal-controls  mobile-small-nav-show">
                    <a class="log-in blur-modal-overlay kosik-modal-open" data-target="login-modal" id="signup-open">
                        Registrovat
                    </a>
                    <a class="log-in blur-modal-overlay kosik-modal-open" data-target="login-modal" id="signin-open">
                        Přihlásit
                    </a>
                </li>
                <li class="facebook-nav  mobile-small-nav-show">
<a class="button button-facebook" data-href="true" href="/napoje?do=menu-facebook-fbLogin-open">Facebook přihlášení</a>                </li>


                        <div class="menu-nav-icons mobile-small-nav-show">

                <div class="ico-text-group">
                    <a class="ico-text-group-link" href="/produkty-v-akci" data-href="true">
                        <span class="item-name">Akce</span>
                        <img src="/svg/action.svg" aria-hidden="true" alt="akce">
                    </a>
                </div>


                <div class="ico-text-group">
                    <a class="ico-text-group-link" href="/vyprodej" data-href="true">
                        <span class="item-name">Výprodej</span>
                        <img src="/svg/sale.svg" aria-hidden="true" alt="výprodej">
                    </a>
                </div>


                
                <div class="ico-text-group">
                    <a class="ico-text-group-link" href="/recepty" data-href="true">
                        <span class="item-name">Recepty</span>
                        <img src="/svg/recipes.svg" aria-hidden="true" alt="recepty">
                    </a>
                </div>

                <div class="ico-text-group">
                    <a class="ico-text-group-link" href="/delikatesy" data-href="true">
                        <span class="item-name">Delikatesy</span>
                        <img src="/svg/deli.svg" aria-hidden="true" alt="delikatesy">
                    </a>
                </div>

                <div class="ico-text-group">
                    <a class="ico-text-group-link" href="/specialni/nemecke-produkty" data-href="true">
                        <span class="item-name">Německé produkty</span>
                        <img src="/svg/german-products.svg" aria-hidden="true" alt="německé produkty">
                    </a>
                </div>

                <div class="ico-text-group">
                    <a class="ico-text-group-link christmas-link" href="/#christmas-inspiration" data-href="true" >
                        <span class="item-name">Vánoce</span>
                        <img src="/svg/vanoce.svg" aria-hidden="true" alt="Vánoce">
                    </a>
                </div>

                <div class="ico-text-group">
                    <a class="ico-text-group-link" href="/mikulas" data-href="true" >
                        <span class="item-name">Mikuláš</span>
                        <img src="/svg/mikulas.svg" aria-hidden="true" alt="Mikuláš">
                    </a>
                </div>
            </div>

                <li class="sub with-children"
                    data-open="false">
                    <a href="/mlecne-a-chlazene">
                        Mléčné a chlazené
                    </a>
                        <span class="category-toggle-sub mobile-small-nav-show"
                              onclick="this.parentNode.classList.toggle('open')">
							<i class="fa fa-angle-down" aria-hidden="true"></i>
						</span>
                    <div class="block block-droped-category">
                        <div class="block-droped-category-inner">
                            <div class="category-product-list">

                                                                <div class="product-type">
                                    <a href="/mlecne-a-chlazene/mlecne-vyrobky-vejce" class="product-type-image">
                                        <img data-src="https://cdn.kosik.cz/content/category/svg/menu/908.svg" alt="Mléčné výrobky, vejce">
                                    </a>
                                    <h3>
                                        <a class="children" href="/mlecne-a-chlazene/mlecne-vyrobky-vejce">
                                            Mléčné výrobky, vejce
                                        </a>
                                    </h3>

                                                                        <div class="categories-container">

                                                <a href="/mlecne-a-chlazene/mlecne-vyrobky-vejce/bio-mlecne-vyrobky">
                                                    Bio mléčné výrobky,
                                                </a>

                                                <a href="/mlecne-a-chlazene/mlecne-vyrobky-vejce/drozdi">
                                                    Droždí,
                                                </a>

                                                <a href="/mlecne-a-chlazene/mlecne-vyrobky-vejce/mleko">
                                                    Mléko,
                                                </a>


                                                <a href="/mlecne-a-chlazene/mlecne-vyrobky-vejce/smetany-a-alternativy">
                                                    Smetany a alternativy,
                                                </a>

                                                <a href="/mlecne-a-chlazene/mlecne-vyrobky-vejce/jogurty">
                                                    Jogurty,
                                                </a>







                                        <a href="/mlecne-a-chlazene/mlecne-vyrobky-vejce">...</a>
                                    </div>
                                </div>
                                <div class="product-type">
                                    <a href="/mlecne-a-chlazene/syry" class="product-type-image">
                                        <img data-src="https://cdn.kosik.cz/content/category/svg/menu/936.svg" alt="Sýry">
                                    </a>
                                    <h3>
                                        <a class="children" href="/mlecne-a-chlazene/syry">
                                            Sýry
                                        </a>
                                    </h3>

                                                                        <div class="categories-container">

                                                <a href="/mlecne-a-chlazene/syry/platkove">
                                                    Plátkové,
                                                </a>

                                                <a href="/mlecne-a-chlazene/syry/blocky">
                                                    Bločky,
                                                </a>

                                                <a href="/mlecne-a-chlazene/syry/strouhane">
                                                    Strouhané,
                                                </a>

                                                <a href="/mlecne-a-chlazene/syry/cottage-a-cerstve">
                                                    Cottage a čerstvé,
                                                </a>



                                                <a href="/mlecne-a-chlazene/syry/termizovane">
                                                    Termizované,
                                                </a>









                                        <a href="/mlecne-a-chlazene/syry">...</a>
                                    </div>
                                </div>
                                <div class="product-type">
                                    <a href="/mlecne-a-chlazene/upraveny-obsah-laktozy" class="product-type-image">
                                        <img data-src="https://cdn.kosik.cz/content/category/svg/menu/1703.svg" alt="Upravený obsah laktózy">
                                    </a>
                                    <h3>
                                        <a class="children" href="/mlecne-a-chlazene/upraveny-obsah-laktozy">
                                            Upravený obsah laktózy
                                        </a>
                                    </h3>

                                                                        <div class="categories-container">


                                                <a href="/mlecne-a-chlazene/upraveny-obsah-laktozy/bez-laktozy">
                                                    Bez laktózy,
                                                </a>
                                        <a href="/mlecne-a-chlazene/upraveny-obsah-laktozy">...</a>
                                    </div>
                                </div>
                                <div class="product-type">
                                    <a href="/mlecne-a-chlazene/maslo-margariny-tuky" class="product-type-image">
                                        <img data-src="https://cdn.kosik.cz/content/category/svg/menu/902.svg" alt="Máslo, margaríny, tuky">
                                    </a>
                                    <h3>
                                        <a class="children" href="/mlecne-a-chlazene/maslo-margariny-tuky">
                                            Máslo, margaríny, tuky
                                        </a>
                                    </h3>

                                                                        <div class="categories-container">

                                                <a href="/mlecne-a-chlazene/maslo-margariny-tuky/margariny">
                                                    Margaríny,
                                                </a>

                                                <a href="/mlecne-a-chlazene/maslo-margariny-tuky/maslo">
                                                    Máslo,
                                                </a>


                                                <a href="/mlecne-a-chlazene/maslo-margariny-tuky/sadlo">
                                                    Sádlo,
                                                </a>

                                        <a href="/mlecne-a-chlazene/maslo-margariny-tuky">...</a>
                                    </div>
                                </div>
                                <div class="product-type">
                                    <a href="/mlecne-a-chlazene/majonezy-tatarky-a-dresingy" class="product-type-image">
                                        <img data-src="https://cdn.kosik.cz/content/category/svg/menu/899.svg" alt="Majonézy, tatarky a dresingy">
                                    </a>
                                    <h3>
                                        <a class="children" href="/mlecne-a-chlazene/majonezy-tatarky-a-dresingy">
                                            Majonézy, tatarky a dresingy
                                        </a>
                                    </h3>

                                                                        <div class="categories-container">

                                                <a href="/mlecne-a-chlazene/majonezy-tatarky-a-dresingy/dresingy">
                                                    Dresingy,
                                                </a>

                                        <a href="/mlecne-a-chlazene/majonezy-tatarky-a-dresingy">...</a>
                                    </div>
                                </div>
                            </div>
                        </div>
                    </div>
                </li>
                <li class="sub with-children"
                    data-open="false">
                    <a href="/maso-a-ryby">
                        Maso a ryby
                    </a>
                        <span class="category-toggle-sub mobile-small-nav-show"
                              onclick="this.parentNode.classList.toggle('open')">
							<i class="fa fa-angle-down" aria-hidden="true"></i>
						</span>
                    <div class="block block-droped-category">
                        <div class="block-droped-category-inner">
                            <div class="category-product-list">

                                                                <div class="product-type">
                                    <a href="/maso-a-ryby/jehneci" class="product-type-image">
                                        <img data-src="https://cdn.kosik.cz/content/category/svg/menu/973.svg" alt="Jehněčí">
                                    </a>
                                    <h3>
                                        <a class="children" href="/maso-a-ryby/jehneci">
                                            Jehněčí
                                        </a>
                                    </h3>

                                                                        <div class="categories-container">

                                                <a href="/maso-a-ryby/jehneci/bio">
                                                    Bio,
                                                </a>

                                                <a href="/maso-a-ryby/jehneci/s-kosti">
                                                    S kostí,
                                                </a>

                                                <a href="/maso-a-ryby/jehneci/mlete">
                                                    Mleté,
                                                </a>
                                        <a href="/maso-a-ryby/jehneci">...</a>
                                    </div>
                                </div>
                                <div class="product-type">
                                    <a href="/maso-a-ryby/mlete-maso" class="product-type-image">
                                        <img data-src="https://cdn.kosik.cz/content/category/svg/menu/974.svg" alt="Mleté maso">
                                    </a>
                                    <h3>
                                        <a class="children" href="/maso-a-ryby/mlete-maso">
                                            Mleté maso
                                        </a>
                                    </h3>

                                                                        <div class="categories-container">

                                                <a href="/maso-a-ryby/mlete-maso/hovezi">
                                                    Hovězí,
                                                </a>

                                                <a href="/maso-a-ryby/mlete-maso/veprove">
                                                    Vepřové,
                                                </a>

                                                <a href="/maso-a-ryby/mlete-maso/jehneci">
                                                    Jehněčí,
                                                </a>

                                                <a href="/maso-a-ryby/mlete-maso/michane-mix">
                                                    Míchané (mix),
                                                </a>

                                                <a href="/maso-a-ryby/mlete-maso/drubezi">
                                                    Drůbeží,
                                                </a>
                                        <a href="/maso-a-ryby/mlete-maso">...</a>
                                    </div>
                                </div>
                                <div class="product-type">
                                    <a href="/maso-a-ryby/farmarske-a-specialni" class="product-type-image">
                                        <img data-src="https://cdn.kosik.cz/content/category/svg/menu/1858.svg" alt="Farmářské a speciální">
                                    </a>
                                    <h3>
                                        <a class="children" href="/maso-a-ryby/farmarske-a-specialni">
                                            Farmářské a speciální
                                        </a>
                                    </h3>

                                                                        <div class="categories-container">

                                                <a href="/maso-a-ryby/farmarske-a-specialni/farmarska-drubez">
                                                    Farmářská Drůbež,
                                                </a>

                                                <a href="/maso-a-ryby/farmarske-a-specialni/francouzska-drubez">
                                                    Francouzská drůbež,
                                                </a>
                                        <a href="/maso-a-ryby/farmarske-a-specialni">...</a>
                                    </div>
                                </div>
                                <div class="product-type">
                                    <a href="/maso-a-ryby/masa-na-grilovani-a-steaky" class="product-type-image">
                                        <img data-src="https://cdn.kosik.cz/content/category/svg/menu/1859.svg" alt="Masa na grilování a steaky">
                                    </a>
                                    <h3>
                                        <a class="children" href="/maso-a-ryby/masa-na-grilovani-a-steaky">
                                            Masa na grilování a steaky
                                        </a>
                                    </h3>

                                                                        <div class="categories-container">

                                                <a href="/maso-a-ryby/masa-na-grilovani-a-steaky/vyzrala-masa">
                                                    Vyzrálá masa,
                                                </a>

                                                <a href="/maso-a-ryby/masa-na-grilovani-a-steaky/masa-na-grilovani">
                                                    Masa na grilování,
                                                </a>

                                                <a href="/maso-a-ryby/masa-na-grilovani-a-steaky/masa-na-medailonky">
                                                    Masa na medailonky,
                                                </a>
                                        <a href="/maso-a-ryby/masa-na-grilovani-a-steaky">...</a>
                                    </div>
                                </div>
                                <div class="product-type">
                                    <a href="/maso-a-ryby/snadne-vareni-a-polotovary" class="product-type-image">
                                        <img data-src="https://cdn.kosik.cz/content/category/svg/menu/1860.svg" alt="Snadné vaření a polotovary">
                                    </a>
                                    <h3>
                                        <a class="children" href="/maso-a-ryby/snadne-vareni-a-polotovary">
                                            Snadné vaření a polotovary
                                        </a>
                                    </h3>

                                                                        <div class="categories-container">

                                                <a href="/maso-a-ryby/snadne-vareni-a-polotovary/sous-vide">
                                                    Sous vide,
                                                </a>

                                                <a href="/maso-a-ryby/snadne-vareni-a-polotovary/burgery">
                                                    Burgery,
                                                </a>

                                                <a href="/maso-a-ryby/snadne-vareni-a-polotovary/klobasy">
                                                    Klobásy,
                                                </a>

                                                <a href="/maso-a-ryby/snadne-vareni-a-polotovary/vyvary">
                                                    Vývary,
                                                </a>

                                                <a href="/maso-a-ryby/snadne-vareni-a-polotovary/masne-polotovary">
                                                    Masné Polotovary,
                                                </a>
                                        <a href="/maso-a-ryby/snadne-vareni-a-polotovary">...</a>
                                    </div>
                                </div>
                                <div class="product-type">
                                    <a href="/maso-a-ryby/drubez" class="product-type-image">
                                        <img data-src="https://cdn.kosik.cz/content/category/svg/menu/961.svg" alt="Drůbež">
                                    </a>
                                    <h3>
                                        <a class="children" href="/maso-a-ryby/drubez">
                                            Drůbež
                                        </a>
                                    </h3>

                                                                        <div class="categories-container">

                                                <a href="/maso-a-ryby/drubez/bio">
                                                    Bio,
                                                </a>

                                                <a href="/maso-a-ryby/drubez/kachna-husa">
                                                    Kachna, husa,
                                                </a>

                                                <a href="/maso-a-ryby/drubez/droby">
                                                    Droby,
                                                </a>

                                                <a href="/maso-a-ryby/drubez/mlete">
                                                    Mleté,
                                                </a>

                                                <a href="/maso-a-ryby/drubez/specialni">
                                                    Speciální,
                                                </a>

                                                <a href="/maso-a-ryby/drubez/na-polevku">
                                                    Na polévku,
                                                </a>

                                                <a href="/maso-a-ryby/drubez/rodinne-baleni">
                                                    Rodinné balení,
                                                </a>





                                        <a href="/maso-a-ryby/drubez">...</a>
                                    </div>
                                </div>
                                <div class="product-type">
                                    <a href="/maso-a-ryby/hovezi" class="product-type-image">
                                        <img data-src="https://cdn.kosik.cz/content/category/svg/menu/967.svg" alt="Hovězí">
                                    </a>
                                    <h3>
                                        <a class="children" href="/maso-a-ryby/hovezi">
                                            Hovězí
                                        </a>
                                    </h3>

                                                                        <div class="categories-container">

                                                <a href="/maso-a-ryby/hovezi/mlete">
                                                    Mleté,
                                                </a>

                                                <a href="/maso-a-ryby/hovezi/na-polevku">
                                                    Na polévku,
                                                </a>

                                                <a href="/maso-a-ryby/hovezi/rodinne-baleni">
                                                    Rodinné balení,
                                                </a>

                                                <a href="/maso-a-ryby/hovezi/jalovice-krava">
                                                    Jalovice, kráva,
                                                </a>

                                                <a href="/maso-a-ryby/hovezi/mlady-byk">
                                                    Mladý býk,
                                                </a>


                                                <a href="/maso-a-ryby/hovezi/bio">
                                                    Bio,
                                                </a>

                                        <a href="/maso-a-ryby/hovezi">...</a>
                                    </div>
                                </div>
                                <div class="product-type">
                                    <a href="/maso-a-ryby/veprove" class="product-type-image">
                                        <img data-src="https://cdn.kosik.cz/content/category/svg/menu/980.svg" alt="Vepřové">
                                    </a>
                                    <h3>
                                        <a class="children" href="/maso-a-ryby/veprove">
                                            Vepřové
                                        </a>
                                    </h3>

                                                                        <div class="categories-container">

                                                <a href="/maso-a-ryby/veprove/v-celku">
                                                    V celku,
                                                </a>

                                                <a href="/maso-a-ryby/veprove/krajene">
                                                    Krájené,
                                                </a>

                                                <a href="/maso-a-ryby/veprove/droby">
                                                    Droby,
                                                </a>

                                                <a href="/maso-a-ryby/veprove/mlete">
                                                    Mleté,
                                                </a>

                                                <a href="/maso-a-ryby/veprove/uzene">
                                                    Uzené,
                                                </a>

                                                <a href="/maso-a-ryby/veprove/slaniny">
                                                    Slaniny,
                                                </a>

                                                <a href="/maso-a-ryby/veprove/rodinne-baleni">
                                                    Rodinné balení,
                                                </a>
                                        <a href="/maso-a-ryby/veprove">...</a>
                                    </div>
                                </div>
                                <div class="product-type">
                                    <a href="/maso-a-ryby/ryby" class="product-type-image">
                                        <img data-src="https://cdn.kosik.cz/content/category/svg/menu/975.svg" alt="Ryby">
                                    </a>
                                    <h3>
                                        <a class="children" href="/maso-a-ryby/ryby">
                                            Ryby
                                        </a>
                                    </h3>

                                                                        <div class="categories-container">

                                                <a href="/maso-a-ryby/ryby/cele-ryby">
                                                    Celé ryby,
                                                </a>

                                                <a href="/maso-a-ryby/ryby/filety">
                                                    Filety,
                                                </a>

                                                <a href="/maso-a-ryby/ryby/ceske-ryby">
                                                    České ryby,
                                                </a>

                                                <a href="/maso-a-ryby/ryby/morske">
                                                    Mořské,
                                                </a>

                                                <a href="/maso-a-ryby/ryby/sladkovodni">
                                                    Sladkovodní,
                                                </a>

                                                <a href="/maso-a-ryby/ryby/uzene">
                                                    Uzené,
                                                </a>

                                        <a href="/maso-a-ryby/ryby">...</a>
                                    </div>
                                </div>
                                <div class="product-type">
                                    <a href="/maso-a-ryby/zverina" class="product-type-image">
                                        <img data-src="https://cdn.kosik.cz/content/category/svg/menu/982.svg" alt="Zvěřina">
                                    </a>
                                    <h3>
                                        <a class="children" href="/maso-a-ryby/zverina">
                                            Zvěřina
                                        </a>
                                    </h3>

                                                                        <div class="categories-container">

                                                <a href="/maso-a-ryby/zverina/vysoka">
                                                    Vysoká,
                                                </a>

                                                <a href="/maso-a-ryby/zverina/cerna">
                                                    Černá,
                                                </a>
                                        <a href="/maso-a-ryby/zverina">...</a>
                                    </div>
                                </div>
                                <div class="product-type">
                                    <a href="/maso-a-ryby/bio" class="product-type-image">
                                        <img data-src="https://cdn.kosik.cz/content/category/svg/menu/981.svg" alt="Bio">
                                    </a>
                                    <h3>
                                        <a class="children" href="/maso-a-ryby/bio">
                                            Bio
                                        </a>
                                    </h3>

                                                                        <div class="categories-container">

                                                <a href="/maso-a-ryby/bio/hovezi">
                                                    Hovězí,
                                                </a>

                                                <a href="/maso-a-ryby/bio/drubezi">
                                                    Drůbeží,
                                                </a>

                                                <a href="/maso-a-ryby/bio/jehneci">
                                                    Jehněčí,
                                                </a>
                                        <a href="/maso-a-ryby/bio">...</a>
                                    </div>
                                </div>
                                <div class="product-type">
                                    <a href="/maso-a-ryby/susene-maso" class="product-type-image">
                                        <img data-src="https://cdn.kosik.cz/content/category/svg/menu/984.svg" alt="Sušené maso">
                                    </a>
                                    <h3>
                                        <a class="children" href="/maso-a-ryby/susene-maso">
                                            Sušené maso
                                        </a>
                                    </h3>

                                                                        <div class="categories-container">

                                                <a href="/maso-a-ryby/susene-maso/hovezi">
                                                    Hovězí,
                                                </a>

                                                <a href="/maso-a-ryby/susene-maso/veprove">
                                                    Vepřové,
                                                </a>
                                        <a href="/maso-a-ryby/susene-maso">...</a>
                                    </div>
                                </div>
                            </div>
                        </div>
                    </div>
                </li>
                <li class="sub with-children"
                    data-open="false">
                    <a href="/ovoce-a-zelenina">
                        Ovoce a zelenina
                    </a>
                        <span class="category-toggle-sub mobile-small-nav-show"
                              onclick="this.parentNode.classList.toggle('open')">
							<i class="fa fa-angle-down" aria-hidden="true"></i>
						</span>
                    <div class="block block-droped-category">
                        <div class="block-droped-category-inner">
                            <div class="category-product-list">

                                                                <div class="product-type">
                                    <a href="/ovoce-a-zelenina/susene-orechy-a-semena" class="product-type-image">
                                        <img data-src="https://cdn.kosik.cz/content/category/svg/menu/1003.svg" alt="Sušené ořechy a semena">
                                    </a>
                                    <h3>
                                        <a class="children" href="/ovoce-a-zelenina/susene-orechy-a-semena">
                                            Sušené ořechy a semena
                                        </a>
                                    </h3>

                                                                        <div class="categories-container">

                                                <a href="/ovoce-a-zelenina/susene-orechy-a-semena/orechy">
                                                    Ořechy,
                                                </a>

                                                <a href="/ovoce-a-zelenina/susene-orechy-a-semena/semena">
                                                    Semena,
                                                </a>
                                        <a href="/ovoce-a-zelenina/susene-orechy-a-semena">...</a>
                                    </div>
                                </div>
                                <div class="product-type">
                                    <a href="/ovoce-a-zelenina/cerstve-stavy" class="product-type-image">
                                        <img data-src="https://cdn.kosik.cz/content/category/svg/menu/1756.svg" alt="Čerstvé šťávy">
                                    </a>
                                    <h3>
                                        <a class="children" href="/ovoce-a-zelenina/cerstve-stavy">
                                            Čerstvé šťávy
                                        </a>
                                    </h3>

                                                                    </div>
                                <div class="product-type">
                                    <a href="/ovoce-a-zelenina/ovoce" class="product-type-image">
                                        <img data-src="https://cdn.kosik.cz/content/category/svg/menu/993.svg" alt="Ovoce">
                                    </a>
                                    <h3>
                                        <a class="children" href="/ovoce-a-zelenina/ovoce">
                                            Ovoce
                                        </a>
                                    </h3>

                                                                        <div class="categories-container">

                                                <a href="/ovoce-a-zelenina/ovoce/jablka-a-hrusky">
                                                    Jablka a hrušky,
                                                </a>


                                                <a href="/ovoce-a-zelenina/ovoce/citrusy">
                                                    Citrusy,
                                                </a>

                                                <a href="/ovoce-a-zelenina/ovoce/hrozny-a-melouny">
                                                    Hrozny a melouny,
                                                </a>

                                                <a href="/ovoce-a-zelenina/ovoce/jahody-a-lesni-plody">
                                                    Jahody a lesní plody,
                                                </a>

                                        <a href="/ovoce-a-zelenina/ovoce">...</a>
                                    </div>
                                </div>
                                <div class="product-type">
                                    <a href="/ovoce-a-zelenina/zelenina" class="product-type-image">
                                        <img data-src="https://cdn.kosik.cz/content/category/svg/menu/1013.svg" alt="Zelenina">
                                    </a>
                                    <h3>
                                        <a class="children" href="/ovoce-a-zelenina/zelenina">
                                            Zelenina
                                        </a>
                                    </h3>

                                                                        <div class="categories-container">

                                                <a href="/ovoce-a-zelenina/zelenina/brambory">
                                                    Brambory,
                                                </a>

                                                <a href="/ovoce-a-zelenina/zelenina/cibule-a-cesnek">
                                                    Cibule a česnek,
                                                </a>

                                                <a href="/ovoce-a-zelenina/zelenina/korenova-zelenina">
                                                    Kořenová zelenina,
                                                </a>


                                                <a href="/ovoce-a-zelenina/zelenina/okurky-a-salaty">
                                                    Okurky a saláty,
                                                </a>





                                                <a href="/ovoce-a-zelenina/zelenina/houby">
                                                    Houby,
                                                </a>


                                        <a href="/ovoce-a-zelenina/zelenina">...</a>
                                    </div>
                                </div>
                                <div class="product-type">
                                    <a href="/ovoce-a-zelenina/bylinky" class="product-type-image">
                                        <img data-src="https://cdn.kosik.cz/content/category/svg/menu/989.svg" alt="Bylinky">
                                    </a>
                                    <h3>
                                        <a class="children" href="/ovoce-a-zelenina/bylinky">
                                            Bylinky
                                        </a>
                                    </h3>

                                                                        <div class="categories-container">

                                                <a href="/ovoce-a-zelenina/bylinky/bylinky-v-kvetinaci">
                                                    Bylinky v květináči,
                                                </a>

                                                <a href="/ovoce-a-zelenina/bylinky/rezane-bylinky">
                                                    Řezané bylinky,
                                                </a>
                                        <a href="/ovoce-a-zelenina/bylinky">...</a>
                                    </div>
                                </div>
                                <div class="product-type">
                                    <a href="/ovoce-a-zelenina/salaty" class="product-type-image">
                                        <img data-src="https://cdn.kosik.cz/content/category/svg/menu/1000.svg" alt="Saláty">
                                    </a>
                                    <h3>
                                        <a class="children" href="/ovoce-a-zelenina/salaty">
                                            Saláty
                                        </a>
                                    </h3>

                                                                        <div class="categories-container">

                                                <a href="/ovoce-a-zelenina/salaty/ovocne-salaty">
                                                    Ovocné saláty,
                                                </a>

                                                <a href="/ovoce-a-zelenina/salaty/zeleninove-salaty">
                                                    Zeleninové saláty,
                                                </a>
                                        <a href="/ovoce-a-zelenina/salaty">...</a>
                                    </div>
                                </div>
                                <div class="product-type">
                                    <a href="/ovoce-a-zelenina/susene-ovoce-smesi-a-houby" class="product-type-image">
                                        <img data-src="https://cdn.kosik.cz/content/category/svg/menu/1008.svg" alt="Sušené ovoce, směsi a houby">
                                    </a>
                                    <h3>
                                        <a class="children" href="/ovoce-a-zelenina/susene-ovoce-smesi-a-houby">
                                            Sušené ovoce, směsi a houby
                                        </a>
                                    </h3>

                                                                        <div class="categories-container">

                                                <a href="/ovoce-a-zelenina/susene-ovoce-smesi-a-houby/susene-ovoce">
                                                    Sušené ovoce,
                                                </a>

                                                <a href="/ovoce-a-zelenina/susene-ovoce-smesi-a-houby/susene-houby">
                                                    Sušené houby,
                                                </a>
                                        <a href="/ovoce-a-zelenina/susene-ovoce-smesi-a-houby">...</a>
                                    </div>
                                </div>
                                <div class="product-type">
                                    <a href="/ovoce-a-zelenina/bio" class="product-type-image">
                                        <img data-src="https://cdn.kosik.cz/content/category/svg/menu/986.svg" alt="Bio">
                                    </a>
                                    <h3>
                                        <a class="children" href="/ovoce-a-zelenina/bio">
                                            Bio
                                        </a>
                                    </h3>

                                                                        <div class="categories-container">

                                                <a href="/ovoce-a-zelenina/bio/bio-ovoce">
                                                    Bio ovoce,
                                                </a>

                                                <a href="/ovoce-a-zelenina/bio/bio-zelenina">
                                                    Bio zelenina,
                                                </a>
                                        <a href="/ovoce-a-zelenina/bio">...</a>
                                    </div>
                                </div>
                            </div>
                        </div>
                    </div>
                </li>
                <li class="sub with-children"
                    data-open="false">
                    <a href="/pecivo">
                        Pečivo
                    </a>
                        <span class="category-toggle-sub mobile-small-nav-show"
                              onclick="this.parentNode.classList.toggle('open')">
							<i class="fa fa-angle-down" aria-hidden="true"></i>
						</span>
                    <div class="block block-droped-category">
                        <div class="block-droped-category-inner">
                            <div class="category-product-list">

                                                                <div class="product-type">
                                    <a href="/pecivo/dorty-a-zakusky" class="product-type-image">
                                        <img data-src="https://cdn.kosik.cz/content/category/svg/menu/1033.svg" alt="Dorty a zákusky">
                                    </a>
                                    <h3>
                                        <a class="children" href="/pecivo/dorty-a-zakusky">
                                            Dorty a zákusky
                                        </a>
                                    </h3>

                                                                    </div>
                                <div class="product-type">
                                    <a href="/pecivo/bezne" class="product-type-image">
                                        <img data-src="https://cdn.kosik.cz/content/category/svg/menu/1028.svg" alt="Běžné">
                                    </a>
                                    <h3>
                                        <a class="children" href="/pecivo/bezne">
                                            Běžné
                                        </a>
                                    </h3>

                                                                        <div class="categories-container">

                                                <a href="/pecivo/bezne/balene-pecivo">
                                                    Balené pečivo,
                                                </a>

                                                <a href="/pecivo/bezne/svetle-pecivo">
                                                    Světlé pečivo,
                                                </a>

                                                <a href="/pecivo/bezne/slane-pecivo">
                                                    Slané pečivo,
                                                </a>

                                        <a href="/pecivo/bezne">...</a>
                                    </div>
                                </div>
                                <div class="product-type">
                                    <a href="/pecivo/chleb" class="product-type-image">
                                        <img data-src="https://cdn.kosik.cz/content/category/svg/menu/1034.svg" alt="Chléb">
                                    </a>
                                    <h3>
                                        <a class="children" href="/pecivo/chleb">
                                            Chléb
                                        </a>
                                    </h3>

                                                                        <div class="categories-container">

                                                <a href="/pecivo/chleb/chleb-baleny">
                                                    Chléb balený,
                                                </a>

                                                <a href="/pecivo/chleb/chleb-volny">
                                                    Chléb volný,
                                                </a>
                                        <a href="/pecivo/chleb">...</a>
                                    </div>
                                </div>
                                <div class="product-type">
                                    <a href="/pecivo/sladke" class="product-type-image">
                                        <img data-src="https://cdn.kosik.cz/content/category/svg/menu/1042.svg" alt="Sladké">
                                    </a>
                                    <h3>
                                        <a class="children" href="/pecivo/sladke">
                                            Sladké
                                        </a>
                                    </h3>

                                                                        <div class="categories-container">

                                                <a href="/pecivo/sladke/sladke-pecivo-balene">
                                                    Sladké pečivo balené,
                                                </a>

                                                <a href="/pecivo/sladke/sladke-pecivo-volne">
                                                    Sladké pečivo volné,
                                                </a>
                                        <a href="/pecivo/sladke">...</a>
                                    </div>
                                </div>
                                <div class="product-type">
                                    <a href="/pecivo/trvanlive-pecivo" class="product-type-image">
                                        <img data-src="https://cdn.kosik.cz/content/category/svg/menu/1045.svg" alt="Trvanlivé pečivo">
                                    </a>
                                    <h3>
                                        <a class="children" href="/pecivo/trvanlive-pecivo">
                                            Trvanlivé pečivo
                                        </a>
                                    </h3>

                                                                    </div>
                                <div class="product-type">
                                    <a href="/pecivo/bezlepkove-pecivo" class="product-type-image">
                                        <img data-src="https://cdn.kosik.cz/content/category/svg/menu/1027.svg" alt="Bezlepkové pečivo">
                                    </a>
                                    <h3>
                                        <a class="children" href="/pecivo/bezlepkove-pecivo">
                                            Bezlepkové pečivo
                                        </a>
                                    </h3>

                                                                    </div>
                            </div>
                        </div>
                    </div>
                </li>
                <li class="sub with-children"
                    data-open="false">
                    <a href="/uzeniny-a-lahudky">
                        Uzeniny a lahůdky
                    </a>
                        <span class="category-toggle-sub mobile-small-nav-show"
                              onclick="this.parentNode.classList.toggle('open')">
							<i class="fa fa-angle-down" aria-hidden="true"></i>
						</span>
                    <div class="block block-droped-category">
                        <div class="block-droped-category-inner">
                            <div class="category-product-list">

                                                                <div class="product-type">
                                    <a href="/uzeniny-a-lahudky/uzeniny" class="product-type-image">
                                        <img data-src="https://cdn.kosik.cz/content/category/svg/menu/1047.svg" alt="Uzeniny">
                                    </a>
                                    <h3>
                                        <a class="children" href="/uzeniny-a-lahudky/uzeniny">
                                            Uzeniny
                                        </a>
                                    </h3>

                                                                        <div class="categories-container">

                                                <a href="/uzeniny-a-lahudky/uzeniny/sunky">
                                                    Šunky,
                                                </a>

                                                <a href="/uzeniny-a-lahudky/uzeniny/salamy">
                                                    Salámy,
                                                </a>

                                                <a href="/uzeniny-a-lahudky/uzeniny/parky-a-spekacky">
                                                    Párky a špekáčky,
                                                </a>

                                                <a href="/uzeniny-a-lahudky/uzeniny/klobasy">
                                                    Klobásy,
                                                </a>

                                                <a href="/uzeniny-a-lahudky/uzeniny/uzena-masa">
                                                    Uzená  masa,
                                                </a>





                                        <a href="/uzeniny-a-lahudky/uzeniny">...</a>
                                    </div>
                                </div>
                                <div class="product-type">
                                    <a href="/uzeniny-a-lahudky/lahudky" class="product-type-image">
                                        <img data-src="https://cdn.kosik.cz/content/category/svg/menu/1062.svg" alt="Lahůdky">
                                    </a>
                                    <h3>
                                        <a class="children" href="/uzeniny-a-lahudky/lahudky">
                                            Lahůdky
                                        </a>
                                    </h3>

                                                                        <div class="categories-container">

                                                <a href="/uzeniny-a-lahudky/lahudky/hotova-jidla">
                                                    Hotová jídla,
                                                </a>

                                                <a href="/uzeniny-a-lahudky/lahudky/hotova-testa">
                                                    Hotová těsta,
                                                </a>


                                                <a href="/uzeniny-a-lahudky/lahudky/chlazene-pastiky">
                                                    Chlazené paštiky,
                                                </a>


                                                <a href="/uzeniny-a-lahudky/lahudky/rybi-speciality">
                                                    Rybí speciality,
                                                </a>


                                        <a href="/uzeniny-a-lahudky/lahudky">...</a>
                                    </div>
                                </div>
                            </div>
                        </div>
                    </div>
                </li>
                <li class="sub with-children"
                    data-open="false">
                    <a href="/mrazene">
                        Mražené
                    </a>
                        <span class="category-toggle-sub mobile-small-nav-show"
                              onclick="this.parentNode.classList.toggle('open')">
							<i class="fa fa-angle-down" aria-hidden="true"></i>
						</span>
                    <div class="block block-droped-category">
                        <div class="block-droped-category-inner">
                            <div class="category-product-list">

                                                                <div class="product-type">
                                    <a href="/mrazene/hotova-jidla" class="product-type-image">
                                        <img data-src="https://cdn.kosik.cz/content/category/svg/menu/1084.svg" alt="Hotová jídla">
                                    </a>
                                    <h3>
                                        <a class="children" href="/mrazene/hotova-jidla">
                                            Hotová jídla
                                        </a>
                                    </h3>

                                                                        <div class="categories-container">

                                                <a href="/mrazene/hotova-jidla/hlavni-jidla">
                                                    Hlavní jídla,
                                                </a>

                                                <a href="/mrazene/hotova-jidla/bezmasa-jidla">
                                                    Bezmasá jídla,
                                                </a>

                                                <a href="/mrazene/hotova-jidla/pizza">
                                                    Pizza,
                                                </a>

                                                <a href="/mrazene/hotova-jidla/obalovana">
                                                    Obalovaná,
                                                </a>

                                                <a href="/mrazene/hotova-jidla/ostatni">
                                                    Ostatní,
                                                </a>
                                        <a href="/mrazene/hotova-jidla">...</a>
                                    </div>
                                </div>
                                <div class="product-type">
                                    <a href="/mrazene/hranolky-a-krokety" class="product-type-image">
                                        <img data-src="https://cdn.kosik.cz/content/category/svg/menu/1089.svg" alt="Hranolky a krokety">
                                    </a>
                                    <h3>
                                        <a class="children" href="/mrazene/hranolky-a-krokety">
                                            Hranolky a krokety
                                        </a>
                                    </h3>

                                                                        <div class="categories-container">

                                                <a href="/mrazene/hranolky-a-krokety/hranolky">
                                                    Hranolky,
                                                </a>

                                                <a href="/mrazene/hranolky-a-krokety/krokety">
                                                    Krokety,
                                                </a>

                                                <a href="/mrazene/hranolky-a-krokety/zeleninove-hranolky">
                                                    Zeleninové hranolky,
                                                </a>

                                                <a href="/mrazene/hranolky-a-krokety/do-trouby">
                                                    Do trouby,
                                                </a>

                                        <a href="/mrazene/hranolky-a-krokety">...</a>
                                    </div>
                                </div>
                                <div class="product-type">
                                    <a href="/mrazene/zelenina-a-ovoce" class="product-type-image">
                                        <img data-src="https://cdn.kosik.cz/content/category/svg/menu/1097.svg" alt="Zelenina a ovoce">
                                    </a>
                                    <h3>
                                        <a class="children" href="/mrazene/zelenina-a-ovoce">
                                            Zelenina a ovoce
                                        </a>
                                    </h3>

                                                                        <div class="categories-container">

                                                <a href="/mrazene/zelenina-a-ovoce/spenat">
                                                    Špenát,
                                                </a>

                                                <a href="/mrazene/zelenina-a-ovoce/zelenina-jednodruhova">
                                                    Zelenina jednodruhová,
                                                </a>

                                                <a href="/mrazene/zelenina-a-ovoce/zeleninove-smesi">
                                                    Zeleninové směsi,
                                                </a>


                                                <a href="/mrazene/zelenina-a-ovoce/ovocne-smesi">
                                                    Ovocné směsi,
                                                </a>


                                        <a href="/mrazene/zelenina-a-ovoce">...</a>
                                    </div>
                                </div>
                                <div class="product-type">
                                    <a href="/mrazene/mrazene-maso-drubez-a-ryby" class="product-type-image">
                                        <img data-src="https://cdn.kosik.cz/content/category/svg/menu/1091.svg" alt="Mražené maso, drůbež a ryby">
                                    </a>
                                    <h3>
                                        <a class="children" href="/mrazene/mrazene-maso-drubez-a-ryby">
                                            Mražené maso, drůbež a ryby
                                        </a>
                                    </h3>

                                                                        <div class="categories-container">

                                                <a href="/mrazene/mrazene-maso-drubez-a-ryby/mrazena-drubez">
                                                    Mražená drůbež,
                                                </a>

                                                <a href="/mrazene/mrazene-maso-drubez-a-ryby/mrazene-maso">
                                                    Mražené maso,
                                                </a>

                                                <a href="/mrazene/mrazene-maso-drubez-a-ryby/mrazene-ryby">
                                                    Mražené ryby,
                                                </a>

                                        <a href="/mrazene/mrazene-maso-drubez-a-ryby">...</a>
                                    </div>
                                </div>
                                <div class="product-type">
                                    <a href="/mrazene/mrazene-pecivo-a-testo" class="product-type-image">
                                        <img data-src="https://cdn.kosik.cz/content/category/svg/menu/1096.svg" alt="Mražené pečivo a těsto">
                                    </a>
                                    <h3>
                                        <a class="children" href="/mrazene/mrazene-pecivo-a-testo">
                                            Mražené pečivo a těsto
                                        </a>
                                    </h3>

                                                                        <div class="categories-container">

                                                <a href="/mrazene/mrazene-pecivo-a-testo/pecivo-slane">
                                                    Pečivo slané,
                                                </a>

                                                <a href="/mrazene/mrazene-pecivo-a-testo/pecivo-sladke">
                                                    Pečivo sladké,
                                                </a>

                                                <a href="/mrazene/mrazene-pecivo-a-testo/testa">
                                                    Těsta,
                                                </a>
                                        <a href="/mrazene/mrazene-pecivo-a-testo">...</a>
                                    </div>
                                </div>
                                <div class="product-type">
                                    <a href="/mrazene/kolace-a-dorty" class="product-type-image">
                                        <img data-src="https://cdn.kosik.cz/content/category/svg/menu/1090.svg" alt="Koláče a dorty">
                                    </a>
                                    <h3>
                                        <a class="children" href="/mrazene/kolace-a-dorty">
                                            Koláče a dorty
                                        </a>
                                    </h3>

                                                                        <div class="categories-container">

                                                <a href="/mrazene/kolace-a-dorty/tvarohove">
                                                    Tvarohové,
                                                </a>

                                                <a href="/mrazene/kolace-a-dorty/ovocne">
                                                    Ovocné,
                                                </a>

                                                <a href="/mrazene/kolace-a-dorty/cokoladove">
                                                    Čokoládové,
                                                </a>
                                        <a href="/mrazene/kolace-a-dorty">...</a>
                                    </div>
                                </div>
                                <div class="product-type">
                                    <a href="/mrazene/zmrzliny" class="product-type-image">
                                        <img data-src="https://cdn.kosik.cz/content/category/svg/menu/1102.svg" alt="Zmrzliny">
                                    </a>
                                    <h3>
                                        <a class="children" href="/mrazene/zmrzliny">
                                            Zmrzliny
                                        </a>
                                    </h3>

                                                                        <div class="categories-container">

                                                <a href="/mrazene/zmrzliny/nanuky-a-kornouty">
                                                    Nanuky a kornouty,
                                                </a>

                                                <a href="/mrazene/zmrzliny/vanicky">
                                                    Vaničky,
                                                </a>

                                                <a href="/mrazene/zmrzliny/sorbet">
                                                    Sorbet,
                                                </a>
                                        <a href="/mrazene/zmrzliny">...</a>
                                    </div>
                                </div>
                            </div>
                        </div>
                    </div>
                </li>
                <li class="sub with-children"
                    data-open="false">
                    <a href="/napoje">
                        Nápoje
                    </a>
                        <span class="category-toggle-sub mobile-small-nav-show"
                              onclick="this.parentNode.classList.toggle('open')">
							<i class="fa fa-angle-down" aria-hidden="true"></i>
						</span>
                    <div class="block block-droped-category">
                        <div class="block-droped-category-inner">
                            <div class="category-product-list">

                                                                <div class="product-type">
                                    <a href="/napoje/mineralni-a-pramenite" class="product-type-image">
                                        <img data-src="https://cdn.kosik.cz/content/category/svg/menu/1180.svg" alt="Minerální a pramenité">
                                    </a>
                                    <h3>
                                        <a class="children" href="/napoje/mineralni-a-pramenite">
                                            Minerální a pramenité
                                        </a>
                                    </h3>

                                                                        <div class="categories-container">

                                                <a href="/napoje/mineralni-a-pramenite/mineralni">
                                                    Minerální,
                                                </a>

                                                <a href="/napoje/mineralni-a-pramenite/pramenite">
                                                    Pramenité,
                                                </a>
                                        <a href="/napoje/mineralni-a-pramenite">...</a>
                                    </div>
                                </div>
                                <div class="product-type">
                                    <a href="/napoje/dzusy-a-detske" class="product-type-image">
                                        <img data-src="https://cdn.kosik.cz/content/category/svg/menu/1152.svg" alt="Džusy a dětské">
                                    </a>
                                    <h3>
                                        <a class="children" href="/napoje/dzusy-a-detske">
                                            Džusy a dětské
                                        </a>
                                    </h3>

                                                                        <div class="categories-container">

                                                <a href="/napoje/dzusy-a-detske/100-dzusy">
                                                    100% džusy,
                                                </a>

                                                <a href="/napoje/dzusy-a-detske/cerstve-dzusy">
                                                    Čerstvé džusy,
                                                </a>

                                                <a href="/napoje/dzusy-a-detske/mosty-a-100-stavy">
                                                    Mošty a 100% šťávy,
                                                </a>

                                                <a href="/napoje/dzusy-a-detske/nektary">
                                                    Nektary,
                                                </a>


                                        <a href="/napoje/dzusy-a-detske">...</a>
                                    </div>
                                </div>
                                <div class="product-type">
                                    <a href="/napoje/limonady-a-ledove-caje" class="product-type-image">
                                        <img data-src="https://cdn.kosik.cz/content/category/svg/menu/1171.svg" alt="Limonády a ledové čaje">
                                    </a>
                                    <h3>
                                        <a class="children" href="/napoje/limonady-a-ledove-caje">
                                            Limonády a ledové čaje
                                        </a>
                                    </h3>

                                                                        <div class="categories-container">

                                                <a href="/napoje/limonady-a-ledove-caje/limonady">
                                                    Limonády,
                                                </a>

                                                <a href="/napoje/limonady-a-ledove-caje/ledove-caje">
                                                    Ledové čaje,
                                                </a>
                                        <a href="/napoje/limonady-a-ledove-caje">...</a>
                                    </div>
                                </div>
                                <div class="product-type">
                                    <a href="/napoje/sirupy-a-koncentraty" class="product-type-image">
                                        <img data-src="https://cdn.kosik.cz/content/category/svg/menu/1207.svg" alt="Sirupy a koncentráty">
                                    </a>
                                    <h3>
                                        <a class="children" href="/napoje/sirupy-a-koncentraty">
                                            Sirupy a koncentráty
                                        </a>
                                    </h3>

                                                                        <div class="categories-container">

                                                <a href="/napoje/sirupy-a-koncentraty/sirupy">
                                                    Sirupy,
                                                </a>

                                                <a href="/napoje/sirupy-a-koncentraty/koncentraty">
                                                    Koncentráty,
                                                </a>

                                                <a href="/napoje/sirupy-a-koncentraty/barmanske-sirupy">
                                                    Barmanské sirupy,
                                                </a>
                                        <a href="/napoje/sirupy-a-koncentraty">...</a>
                                    </div>
                                </div>
                                <div class="product-type">
                                    <a href="/napoje/energy-drinky-iontove" class="product-type-image">
                                        <img data-src="https://cdn.kosik.cz/content/category/svg/menu/1159.svg" alt="Energy drinky, iontové">
                                    </a>
                                    <h3>
                                        <a class="children" href="/napoje/energy-drinky-iontove">
                                            Energy drinky, iontové
                                        </a>
                                    </h3>

                                                                    </div>
                                <div class="product-type">
                                    <a href="/napoje/caj-kava-a-ledova-kava" class="product-type-image">
                                        <img data-src="https://cdn.kosik.cz/content/category/svg/menu/1132.svg" alt="Čaj, káva a ledová káva">
                                    </a>
                                    <h3>
                                        <a class="children" href="/napoje/caj-kava-a-ledova-kava">
                                            Čaj, káva a ledová káva
                                        </a>
                                    </h3>

                                                                        <div class="categories-container">

                                                <a href="/napoje/caj-kava-a-ledova-kava/caj">
                                                    Čaj,
                                                </a>

                                                <a href="/napoje/caj-kava-a-ledova-kava/kava">
                                                    Káva,
                                                </a>

                                                <a href="/napoje/caj-kava-a-ledova-kava/ledova-kava">
                                                    Ledová káva,
                                                </a>
                                        <a href="/napoje/caj-kava-a-ledova-kava">...</a>
                                    </div>
                                </div>
                                <div class="product-type">
                                    <a href="/napoje/kakaa-cokolady-a-rozpustne" class="product-type-image">
                                        <img data-src="https://cdn.kosik.cz/content/category/svg/menu/1162.svg" alt="Kakaa, čokolády a rozpustné">
                                    </a>
                                    <h3>
                                        <a class="children" href="/napoje/kakaa-cokolady-a-rozpustne">
                                            Kakaa, čokolády a rozpustné
                                        </a>
                                    </h3>

                                                                        <div class="categories-container">


                                                <a href="/napoje/kakaa-cokolady-a-rozpustne/instantni-napoje">
                                                    Instantní nápoje,
                                                </a>

                                                <a href="/napoje/kakaa-cokolady-a-rozpustne/rozpustne-kavoviny">
                                                    Rozpustné kávoviny,
                                                </a>
                                        <a href="/napoje/kakaa-cokolady-a-rozpustne">...</a>
                                    </div>
                                </div>
                                <div class="product-type">
                                    <a href="/napoje/pivo" class="product-type-image">
                                        <img data-src="https://cdn.kosik.cz/content/category/svg/menu/1188.svg" alt="Pivo">
                                    </a>
                                    <h3>
                                        <a class="children" href="/napoje/pivo">
                                            Pivo
                                        </a>
                                    </h3>

                                                                        <div class="categories-container">

                                                <a href="/napoje/pivo/vycepni">
                                                    Výčepní,
                                                </a>

                                                <a href="/napoje/pivo/lezak">
                                                    Ležák,
                                                </a>

                                                <a href="/napoje/pivo/nealko">
                                                    Nealko,
                                                </a>

                                                <a href="/napoje/pivo/ale">
                                                    Ale,
                                                </a>

                                                <a href="/napoje/pivo/ochucene">
                                                    Ochucené,
                                                </a>

                                                <a href="/napoje/pivo/cider">
                                                    Cider,
                                                </a>

                                                <a href="/napoje/pivo/tmave">
                                                    Tmavé,
                                                </a>

                                                <a href="/napoje/pivo/psenicne">
                                                    Pšeničné,
                                                </a>



                                                <a href="/napoje/pivo/sudove">
                                                    Sudové,
                                                </a>


                                        <a href="/napoje/pivo">...</a>
                                    </div>
                                </div>
                                <div class="product-type">
                                    <a href="/napoje/vina" class="product-type-image">
                                        <img data-src="https://cdn.kosik.cz/content/category/svg/menu/1119.svg" alt="Vína">
                                    </a>
                                    <h3>
                                        <a class="children" href="/napoje/vina">
                                            Vína
                                        </a>
                                    </h3>

                                                                        <div class="categories-container">

                                                <a href="/napoje/vina/bila">
                                                    Bílá,
                                                </a>

                                                <a href="/napoje/vina/cervena">
                                                    Červená,
                                                </a>

                                                <a href="/napoje/vina/ruzova">
                                                    Řůžová,
                                                </a>

                                                <a href="/napoje/vina/sumiva-a-sampanske">
                                                    Šumivá a šampaňské,
                                                </a>
                                        <a href="/napoje/vina">...</a>
                                    </div>
                                </div>
                                <div class="product-type">
                                    <a href="/napoje/lihoviny" class="product-type-image">
                                        <img data-src="https://cdn.kosik.cz/content/category/svg/menu/1108.svg" alt="Lihoviny">
                                    </a>
                                    <h3>
                                        <a class="children" href="/napoje/lihoviny">
                                            Lihoviny
                                        </a>
                                    </h3>

                                                                        <div class="categories-container">

                                                <a href="/napoje/lihoviny/aperitivy">
                                                    Aperitivy,
                                                </a>

                                                <a href="/napoje/lihoviny/brandy-a-konak">
                                                    Brandy a koňak,
                                                </a>

                                                <a href="/napoje/lihoviny/gin-a-absinth">
                                                    Gin a absinth,
                                                </a>

                                                <a href="/napoje/lihoviny/rum">
                                                    Rum,
                                                </a>

                                                <a href="/napoje/lihoviny/vodka">
                                                    Vodka,
                                                </a>

                                                <a href="/napoje/lihoviny/whisky-a-bourbon">
                                                    Whisky a bourbon,
                                                </a>



                                        <a href="/napoje/lihoviny">...</a>
                                    </div>
                                </div>
                            </div>
                        </div>
                    </div>
                </li>
                <li class="sub with-children"
                    data-open="false">
                    <a href="/trvanlive">
                        Trvanlivé
                    </a>
                        <span class="category-toggle-sub mobile-small-nav-show"
                              onclick="this.parentNode.classList.toggle('open')">
							<i class="fa fa-angle-down" aria-hidden="true"></i>
						</span>
                    <div class="block block-droped-category">
                        <div class="block-droped-category-inner">
                            <div class="category-product-list">

                                                                <div class="product-type">
                                    <a href="/trvanlive/ocet-olej-cukr-sul-a-mouka" class="product-type-image">
                                        <img data-src="https://cdn.kosik.cz/content/category/svg/menu/1270.svg" alt="Ocet, olej, cukr, sůl a mouka">
                                    </a>
                                    <h3>
                                        <a class="children" href="/trvanlive/ocet-olej-cukr-sul-a-mouka">
                                            Ocet, olej, cukr, sůl a mouka
                                        </a>
                                    </h3>

                                                                        <div class="categories-container">

                                                <a href="/trvanlive/ocet-olej-cukr-sul-a-mouka/mouka">
                                                    Mouka,
                                                </a>

                                                <a href="/trvanlive/ocet-olej-cukr-sul-a-mouka/ocet">
                                                    Ocet,
                                                </a>

                                                <a href="/trvanlive/ocet-olej-cukr-sul-a-mouka/olej">
                                                    Olej,
                                                </a>

                                                <a href="/trvanlive/ocet-olej-cukr-sul-a-mouka/cukr">
                                                    Cukr,
                                                </a>

                                                <a href="/trvanlive/ocet-olej-cukr-sul-a-mouka/sul">
                                                    Sůl,
                                                </a>
                                        <a href="/trvanlive/ocet-olej-cukr-sul-a-mouka">...</a>
                                    </div>
                                </div>
                                <div class="product-type">
                                    <a href="/trvanlive/sladkosti" class="product-type-image">
                                        <img data-src="https://cdn.kosik.cz/content/category/svg/menu/1326.svg" alt="Sladkosti">
                                    </a>
                                    <h3>
                                        <a class="children" href="/trvanlive/sladkosti">
                                            Sladkosti
                                        </a>
                                    </h3>

                                                                        <div class="categories-container">

                                                <a href="/trvanlive/sladkosti/tabulkove-cokolady">
                                                    Tabulkové čokolády,
                                                </a>

                                                <a href="/trvanlive/sladkosti/cokoladove-tycinky">
                                                    Čokoládové tyčinky,
                                                </a>

                                                <a href="/trvanlive/sladkosti/bonboniery">
                                                    Bonboniéry,
                                                </a>




                                        <a href="/trvanlive/sladkosti">...</a>
                                    </div>
                                </div>
                                <div class="product-type">
                                    <a href="/trvanlive/ryze-lusteniny-testoviny-a-soja" class="product-type-image">
                                        <img data-src="https://cdn.kosik.cz/content/category/svg/menu/1295.svg" alt="Rýže, luštěniny, těstoviny a sója">
                                    </a>
                                    <h3>
                                        <a class="children" href="/trvanlive/ryze-lusteniny-testoviny-a-soja">
                                            Rýže, luštěniny, těstoviny a sója
                                        </a>
                                    </h3>

                                                                        <div class="categories-container">

                                                <a href="/trvanlive/ryze-lusteniny-testoviny-a-soja/ryze">
                                                    Rýže,
                                                </a>

                                                <a href="/trvanlive/ryze-lusteniny-testoviny-a-soja/lusteniny">
                                                    Luštěniny,
                                                </a>

                                                <a href="/trvanlive/ryze-lusteniny-testoviny-a-soja/testoviny">
                                                    Těstoviny,
                                                </a>
                                        <a href="/trvanlive/ryze-lusteniny-testoviny-a-soja">...</a>
                                    </div>
                                </div>
                                <div class="product-type">
                                    <a href="/trvanlive/slane" class="product-type-image">
                                        <img data-src="https://cdn.kosik.cz/content/category/svg/menu/1319.svg" alt="Slané">
                                    </a>
                                    <h3>
                                        <a class="children" href="/trvanlive/slane">
                                            Slané
                                        </a>
                                    </h3>

                                                                        <div class="categories-container">

                                                <a href="/trvanlive/slane/chipsy">
                                                    Chipsy,
                                                </a>

                                                <a href="/trvanlive/slane/krekry">
                                                    Krekry,
                                                </a>

                                                <a href="/trvanlive/slane/orisky-a-popcorn">
                                                    Oříšky a popcorn,
                                                </a>

                                                <a href="/trvanlive/slane/snacky">
                                                    Snacky,
                                                </a>
                                        <a href="/trvanlive/slane">...</a>
                                    </div>
                                </div>
                                <div class="product-type">
                                    <a href="/trvanlive/kecupy-horcice-kreny-a-protlaky" class="product-type-image">
                                        <img data-src="https://cdn.kosik.cz/content/category/svg/menu/1233.svg" alt="Kečupy, hořčice, křeny a protlaky">
                                    </a>
                                    <h3>
                                        <a class="children" href="/trvanlive/kecupy-horcice-kreny-a-protlaky">
                                            Kečupy, hořčice, křeny a protlaky
                                        </a>
                                    </h3>

                                                                        <div class="categories-container">

                                                <a href="/trvanlive/kecupy-horcice-kreny-a-protlaky/kecupy">
                                                    Kečupy,
                                                </a>

                                                <a href="/trvanlive/kecupy-horcice-kreny-a-protlaky/horcice">
                                                    Hořčice,
                                                </a>

                                                <a href="/trvanlive/kecupy-horcice-kreny-a-protlaky/kreny">
                                                    Křeny,
                                                </a>

                                                <a href="/trvanlive/kecupy-horcice-kreny-a-protlaky/protlaky">
                                                    Protlaky,
                                                </a>
                                        <a href="/trvanlive/kecupy-horcice-kreny-a-protlaky">...</a>
                                    </div>
                                </div>
                                <div class="product-type">
                                    <a href="/trvanlive/konzervovane-potraviny" class="product-type-image">
                                        <img data-src="https://cdn.kosik.cz/content/category/svg/menu/1238.svg" alt="Konzervované potraviny">
                                    </a>
                                    <h3>
                                        <a class="children" href="/trvanlive/konzervovane-potraviny">
                                            Konzervované potraviny
                                        </a>
                                    </h3>

                                                                        <div class="categories-container">

                                                <a href="/trvanlive/konzervovane-potraviny/zelenina">
                                                    Zelenina,
                                                </a>

                                                <a href="/trvanlive/konzervovane-potraviny/ovoce">
                                                    Ovoce,
                                                </a>

                                                <a href="/trvanlive/konzervovane-potraviny/maso-a-hotova-jidla">
                                                    Maso a hotová jídla,
                                                </a>

                                                <a href="/trvanlive/konzervovane-potraviny/pastiky">
                                                    Paštiky,
                                                </a>

                                                <a href="/trvanlive/konzervovane-potraviny/pomazanky">
                                                    Pomazánky,
                                                </a>

                                                <a href="/trvanlive/konzervovane-potraviny/ryby">
                                                    Ryby,
                                                </a>
                                        <a href="/trvanlive/konzervovane-potraviny">...</a>
                                    </div>
                                </div>
                                <div class="product-type">
                                    <a href="/trvanlive/mikulas-a-vanoce" class="product-type-image">
                                        <img data-src="https://cdn.kosik.cz/content/category/svg/menu/1318.svg" alt="Mikuláš a Vánoce">
                                    </a>
                                    <h3>
                                        <a class="children" href="/trvanlive/mikulas-a-vanoce">
                                            Mikuláš a Vánoce
                                        </a>
                                    </h3>

                                                                        <div class="categories-container">

                                                <a href="/trvanlive/mikulas-a-vanoce/vanocni-kolekce">
                                                    Vánoční kolekce,
                                                </a>

                                                <a href="/trvanlive/mikulas-a-vanoce/mikulasske-figurky">
                                                    Mikulášské figurky,
                                                </a>

                                                <a href="/trvanlive/mikulas-a-vanoce/adventni-kalendare">
                                                    Adventní kalendáře,
                                                </a>

                                        <a href="/trvanlive/mikulas-a-vanoce">...</a>
                                    </div>
                                </div>
                                <div class="product-type">
                                    <a href="/trvanlive/koreni-bujony-ochucovadla" class="product-type-image">
                                        <img data-src="https://cdn.kosik.cz/content/category/svg/menu/1266.svg" alt="Koření, bujóny, ochucovadla">
                                    </a>
                                    <h3>
                                        <a class="children" href="/trvanlive/koreni-bujony-ochucovadla">
                                            Koření, bujóny, ochucovadla
                                        </a>
                                    </h3>

                                                                        <div class="categories-container">

                                                <a href="/trvanlive/koreni-bujony-ochucovadla/koreni">
                                                    Koření,
                                                </a>

                                                <a href="/trvanlive/koreni-bujony-ochucovadla/bujony">
                                                    Bujóny,
                                                </a>

                                                <a href="/trvanlive/koreni-bujony-ochucovadla/ochucovadla">
                                                    Ochucovadla,
                                                </a>
                                        <a href="/trvanlive/koreni-bujony-ochucovadla">...</a>
                                    </div>
                                </div>
                                <div class="product-type">
                                    <a href="/trvanlive/prisady-na-vareni-a-peceni" class="product-type-image">
                                        <img data-src="https://cdn.kosik.cz/content/category/svg/menu/1280.svg" alt="Přísady na vaření a pečení">
                                    </a>
                                    <h3>
                                        <a class="children" href="/trvanlive/prisady-na-vareni-a-peceni">
                                            Přísady na vaření a pečení
                                        </a>
                                    </h3>

                                                                        <div class="categories-container">

                                                <a href="/trvanlive/prisady-na-vareni-a-peceni/prisady-na-peceni">
                                                    Přísady na pečení,
                                                </a>

                                                <a href="/trvanlive/prisady-na-vareni-a-peceni/omacky-v-prasku">
                                                    Omáčky v prášku,
                                                </a>

                                                <a href="/trvanlive/prisady-na-vareni-a-peceni/sladke-smesi">
                                                    Sladké směsi,
                                                </a>

                                                <a href="/trvanlive/prisady-na-vareni-a-peceni/pudinky">
                                                    Pudinky,
                                                </a>




                                        <a href="/trvanlive/prisady-na-vareni-a-peceni">...</a>
                                    </div>
                                </div>
                                <div class="product-type">
                                    <a href="/trvanlive/superfood" class="product-type-image">
                                        <img data-src="https://cdn.kosik.cz/content/category/svg/menu/1313.svg" alt="Superfood">
                                    </a>
                                    <h3>
                                        <a class="children" href="/trvanlive/superfood">
                                            Superfood
                                        </a>
                                    </h3>

                                                                        <div class="categories-container">

                                                <a href="/trvanlive/superfood/snidanove-smesi">
                                                    Snídaňové směsi,
                                                </a>


                                        <a href="/trvanlive/superfood">...</a>
                                    </div>
                                </div>
                                <div class="product-type">
                                    <a href="/trvanlive/dresingy-a-omacky" class="product-type-image">
                                        <img data-src="https://cdn.kosik.cz/content/category/svg/menu/1222.svg" alt="Dresingy a omáčky">
                                    </a>
                                    <h3>
                                        <a class="children" href="/trvanlive/dresingy-a-omacky">
                                            Dresingy a omáčky
                                        </a>
                                    </h3>

                                                                        <div class="categories-container">

                                                <a href="/trvanlive/dresingy-a-omacky/dresingy">
                                                    Dresingy,
                                                </a>

                                                <a href="/trvanlive/dresingy-a-omacky/omacky">
                                                    Omáčky,
                                                </a>
                                        <a href="/trvanlive/dresingy-a-omacky">...</a>
                                    </div>
                                </div>
                                <div class="product-type">
                                    <a href="/trvanlive/cerealie-a-musli" class="product-type-image">
                                        <img data-src="https://cdn.kosik.cz/content/category/svg/menu/1212.svg" alt="Cereálie a musli">
                                    </a>
                                    <h3>
                                        <a class="children" href="/trvanlive/cerealie-a-musli">
                                            Cereálie a musli
                                        </a>
                                    </h3>

                                                                        <div class="categories-container">


                                                <a href="/trvanlive/cerealie-a-musli/musli-a-ovesne-kase">
                                                    Musli a ovesné kaše,
                                                </a>

                                                <a href="/trvanlive/cerealie-a-musli/tycinky">
                                                    Tyčinky,
                                                </a>
                                        <a href="/trvanlive/cerealie-a-musli">...</a>
                                    </div>
                                </div>
                                <div class="product-type">
                                    <a href="/trvanlive/dzemy-medy-a-cokokremy" class="product-type-image">
                                        <img data-src="https://cdn.kosik.cz/content/category/svg/menu/1225.svg" alt="Džemy, medy a čokokrémy">
                                    </a>
                                    <h3>
                                        <a class="children" href="/trvanlive/dzemy-medy-a-cokokremy">
                                            Džemy, medy a čokokrémy
                                        </a>
                                    </h3>

                                                                        <div class="categories-container">

                                                <a href="/trvanlive/dzemy-medy-a-cokokremy/dzemy">
                                                    Džemy,
                                                </a>

                                                <a href="/trvanlive/dzemy-medy-a-cokokremy/medy">
                                                    Medy,
                                                </a>

                                                <a href="/trvanlive/dzemy-medy-a-cokokremy/cokokremy">
                                                    Čokokrémy,
                                                </a>

                                                <a href="/trvanlive/dzemy-medy-a-cokokremy/burakove-maslo">
                                                    Burákové máslo,
                                                </a>
                                        <a href="/trvanlive/dzemy-medy-a-cokokremy">...</a>
                                    </div>
                                </div>
                                <div class="product-type">
                                    <a href="/trvanlive/instantni-jidla-a-polevky" class="product-type-image">
                                        <img data-src="https://cdn.kosik.cz/content/category/svg/menu/1230.svg" alt="Instantní jídla a polévky">
                                    </a>
                                    <h3>
                                        <a class="children" href="/trvanlive/instantni-jidla-a-polevky">
                                            Instantní jídla a polévky
                                        </a>
                                    </h3>

                                                                        <div class="categories-container">

                                                <a href="/trvanlive/instantni-jidla-a-polevky/instantni-jidla">
                                                    Instantní jídla,
                                                </a>

                                                <a href="/trvanlive/instantni-jidla-a-polevky/instantni-polevky">
                                                    Instantní polévky,
                                                </a>
                                        <a href="/trvanlive/instantni-jidla-a-polevky">...</a>
                                    </div>
                                </div>
                                <div class="product-type">
                                    <a href="/trvanlive/mezinarodni-kuchyne" class="product-type-image">
                                        <img data-src="https://cdn.kosik.cz/content/category/svg/menu/1261.svg" alt="Mezinárodní kuchyně">
                                    </a>
                                    <h3>
                                        <a class="children" href="/trvanlive/mezinarodni-kuchyne">
                                            Mezinárodní kuchyně
                                        </a>
                                    </h3>

                                                                        <div class="categories-container">

                                                <a href="/trvanlive/mezinarodni-kuchyne/asijska">
                                                    Asijská,
                                                </a>

                                                <a href="/trvanlive/mezinarodni-kuchyne/mexicka">
                                                    Mexická,
                                                </a>

                                                <a href="/trvanlive/mezinarodni-kuchyne/stredomorska">
                                                    Středomořská,
                                                </a>

                                                <a href="/trvanlive/mezinarodni-kuchyne/thajska">
                                                    Thajská,
                                                </a>
                                        <a href="/trvanlive/mezinarodni-kuchyne">...</a>
                                    </div>
                                </div>
                            </div>
                        </div>
                    </div>
                </li>
                <li class="sub with-children"
                    data-open="false">
                    <a href="/mazlicci">
                        Mazlíčci
                    </a>
                        <span class="category-toggle-sub mobile-small-nav-show"
                              onclick="this.parentNode.classList.toggle('open')">
							<i class="fa fa-angle-down" aria-hidden="true"></i>
						</span>
                    <div class="block block-droped-category">
                        <div class="block-droped-category-inner">
                            <div class="category-product-list">

                                                                <div class="product-type">
                                    <a href="/mazlicci/kocky" class="product-type-image">
                                        <img data-src="https://cdn.kosik.cz/content/category/svg/menu/1579.svg" alt="Kočky">
                                    </a>
                                    <h3>
                                        <a class="children" href="/mazlicci/kocky">
                                            Kočky
                                        </a>
                                    </h3>

                                                                        <div class="categories-container">


                                                <a href="/mazlicci/kocky/konzervy-pro-kocky">
                                                    Konzervy pro kočky,
                                                </a>

                                                <a href="/mazlicci/kocky/kapsicky-pro-kocky">
                                                    Kapsičky pro kočky,
                                                </a>


                                                <a href="/mazlicci/kocky/hracky-pro-kocky">
                                                    Hračky pro kočky,
                                                </a>

                                                <a href="/mazlicci/kocky/steliva">
                                                    Steliva,
                                                </a>
                                        <a href="/mazlicci/kocky">...</a>
                                    </div>
                                </div>
                                <div class="product-type">
                                    <a href="/mazlicci/psi" class="product-type-image">
                                        <img data-src="https://cdn.kosik.cz/content/category/svg/menu/1580.svg" alt="Psi">
                                    </a>
                                    <h3>
                                        <a class="children" href="/mazlicci/psi">
                                            Psi
                                        </a>
                                    </h3>

                                                                        <div class="categories-container">

                                                <a href="/mazlicci/psi/granule-a-smesi-pro-psy">
                                                    Granule a směsi pro psy,
                                                </a>

                                                <a href="/mazlicci/psi/konzervy-pro-psy">
                                                    Konzervy pro psy,
                                                </a>


                                                <a href="/mazlicci/psi/hracky-a-pleny-pro-psy">
                                                    Hračky a pleny pro psy,
                                                </a>

                                        <a href="/mazlicci/psi">...</a>
                                    </div>
                                </div>
                                <div class="product-type">
                                    <a href="/mazlicci/hlodavci" class="product-type-image">
                                        <img data-src="https://cdn.kosik.cz/content/category/svg/menu/1364.svg" alt="Hlodavci">
                                    </a>
                                    <h3>
                                        <a class="children" href="/mazlicci/hlodavci">
                                            Hlodavci
                                        </a>
                                    </h3>

                                                                        <div class="categories-container">

                                                <a href="/mazlicci/hlodavci/krmiva">
                                                    Krmiva,
                                                </a>

                                                <a href="/mazlicci/hlodavci/steliva">
                                                    Steliva,
                                                </a>
                                        <a href="/mazlicci/hlodavci">...</a>
                                    </div>
                                </div>
                                <div class="product-type">
                                    <a href="/mazlicci/ptactvo" class="product-type-image">
                                        <img data-src="https://cdn.kosik.cz/content/category/svg/menu/1367.svg" alt="Ptactvo">
                                    </a>
                                    <h3>
                                        <a class="children" href="/mazlicci/ptactvo">
                                            Ptactvo
                                        </a>
                                    </h3>

                                                                    </div>
                            </div>
                        </div>
                    </div>
                </li>
                <li class="sub with-children"
                    data-open="false">
                    <a href="/deti">
                        Děti
                    </a>
                        <span class="category-toggle-sub mobile-small-nav-show"
                              onclick="this.parentNode.classList.toggle('open')">
							<i class="fa fa-angle-down" aria-hidden="true"></i>
						</span>
                    <div class="block block-droped-category">
                        <div class="block-droped-category-inner">
                            <div class="category-product-list">

                                                                <div class="product-type">
                                    <a href="/deti/detska-kosmetika" class="product-type-image">
                                        <img data-src="https://cdn.kosik.cz/content/category/svg/menu/1370.svg" alt="Dětská kosmetika">
                                    </a>
                                    <h3>
                                        <a class="children" href="/deti/detska-kosmetika">
                                            Dětská kosmetika
                                        </a>
                                    </h3>

                                                                        <div class="categories-container">


                                                <a href="/deti/detska-kosmetika/detske-kremy-a-oleje">
                                                    Dětské krémy a oleje,
                                                </a>


                                                <a href="/deti/detska-kosmetika/zubni-hygiena">
                                                    Zubní hygiena,
                                                </a>
                                        <a href="/deti/detska-kosmetika">...</a>
                                    </div>
                                </div>
                                <div class="product-type">
                                    <a href="/deti/jednorazove-pleny" class="product-type-image">
                                        <img data-src="https://cdn.kosik.cz/content/category/svg/menu/1592.svg" alt="Jednorázové pleny">
                                    </a>
                                    <h3>
                                        <a class="children" href="/deti/jednorazove-pleny">
                                            Jednorázové pleny
                                        </a>
                                    </h3>

                                                                        <div class="categories-container">

                                                <a href="/deti/jednorazove-pleny/velikost-1">
                                                    Velikost 1,
                                                </a>

                                                <a href="/deti/jednorazove-pleny/velikost-2">
                                                    Velikost 2,
                                                </a>

                                                <a href="/deti/jednorazove-pleny/velikost-3">
                                                    Velikost 3,
                                                </a>

                                                <a href="/deti/jednorazove-pleny/velikost-4">
                                                    Velikost 4,
                                                </a>

                                                <a href="/deti/jednorazove-pleny/velikost-5">
                                                    Velikost 5,
                                                </a>

                                                <a href="/deti/jednorazove-pleny/velikost-6">
                                                    Velikost 6,
                                                </a>
                                        <a href="/deti/jednorazove-pleny">...</a>
                                    </div>
                                </div>
                                <div class="product-type">
                                    <a href="/deti/eko" class="product-type-image">
                                        <img data-src="https://cdn.kosik.cz/content/category/svg/menu/1599.svg" alt="Eko">
                                    </a>
                                    <h3>
                                        <a class="children" href="/deti/eko">
                                            Eko
                                        </a>
                                    </h3>

                                                                        <div class="categories-container">

                                                <a href="/deti/eko/bio-pleny">
                                                    bio pleny,
                                                </a>
                                        <a href="/deti/eko">...</a>
                                    </div>
                                </div>
                                <div class="product-type">
                                    <a href="/deti/latkove-pleny" class="product-type-image">
                                        <img data-src="https://cdn.kosik.cz/content/category/svg/menu/1607.svg" alt="Látkové pleny">
                                    </a>
                                    <h3>
                                        <a class="children" href="/deti/latkove-pleny">
                                            Látkové pleny
                                        </a>
                                    </h3>

                                                                    </div>
                                <div class="product-type">
                                    <a href="/deti/prebalovaci-podlozky-a-vlhcene-ubrousky" class="product-type-image">
                                        <img data-src="https://cdn.kosik.cz/content/category/svg/menu/1608.svg" alt="Přebalovací podložky a vlhčené ubrousky">
                                    </a>
                                    <h3>
                                        <a class="children" href="/deti/prebalovaci-podlozky-a-vlhcene-ubrousky">
                                            Přebalovací podložky a vlhčené ubrousky
                                        </a>
                                    </h3>

                                                                    </div>
                                <div class="product-type">
                                    <a href="/deti/kojenecke-mleko-a-vyziva" class="product-type-image">
                                        <img data-src="https://cdn.kosik.cz/content/category/svg/menu/1609.svg" alt="Kojenecké mléko a výživa">
                                    </a>
                                    <h3>
                                        <a class="children" href="/deti/kojenecke-mleko-a-vyziva">
                                            Kojenecké mléko a výživa
                                        </a>
                                    </h3>

                                                                        <div class="categories-container">

                                                <a href="/deti/kojenecke-mleko-a-vyziva/bio-vyziva">
                                                    BIO výživa,
                                                </a>

                                                <a href="/deti/kojenecke-mleko-a-vyziva/kojenecka-mleka">
                                                    Kojenecká mléka,
                                                </a>

                                                <a href="/deti/kojenecke-mleko-a-vyziva/detske-kase">
                                                    Dětské kaše,
                                                </a>

                                                <a href="/deti/kojenecke-mleko-a-vyziva/kojenecke-prikrmy">
                                                    Kojenecké příkrmy,
                                                </a>

                                        <a href="/deti/kojenecke-mleko-a-vyziva">...</a>
                                    </div>
                                </div>
                                <div class="product-type">
                                    <a href="/deti/kojenecke-vody-a-napoje" class="product-type-image">
                                        <img data-src="https://cdn.kosik.cz/content/category/svg/menu/1619.svg" alt="Kojenecké vody a nápoje">
                                    </a>
                                    <h3>
                                        <a class="children" href="/deti/kojenecke-vody-a-napoje">
                                            Kojenecké vody a nápoje
                                        </a>
                                    </h3>

                                                                        <div class="categories-container">

                                                <a href="/deti/kojenecke-vody-a-napoje/vody">
                                                    Vody,
                                                </a>

                                                <a href="/deti/kojenecke-vody-a-napoje/caje">
                                                    Čaje,
                                                </a>

                                                <a href="/deti/kojenecke-vody-a-napoje/stavy">
                                                    Šťávy,
                                                </a>
                                        <a href="/deti/kojenecke-vody-a-napoje">...</a>
                                    </div>
                                </div>
                                <div class="product-type">
                                    <a href="/deti/hracky" class="product-type-image">
                                        <img data-src="https://cdn.kosik.cz/content/category/svg/menu/1373.svg" alt="Hračky">
                                    </a>
                                    <h3>
                                        <a class="children" href="/deti/hracky">
                                            Hračky
                                        </a>
                                    </h3>

                                                                        <div class="categories-container">

                                                <a href="/deti/hracky/hracky-pro-nejmensi">
                                                    Hračky pro nejmenší,
                                                </a>

                                        <a href="/deti/hracky">...</a>
                                    </div>
                                </div>
                                <div class="product-type">
                                    <a href="/deti/hry" class="product-type-image">
                                        <img data-src="https://cdn.kosik.cz/content/category/svg/menu/1376.svg" alt="Hry">
                                    </a>
                                    <h3>
                                        <a class="children" href="/deti/hry">
                                            Hry
                                        </a>
                                    </h3>

                                                                    </div>
                                <div class="product-type">
                                    <a href="/deti/kojenecke-potreby" class="product-type-image">
                                        <img data-src="https://cdn.kosik.cz/content/category/svg/menu/1377.svg" alt="Kojenecké potřeby">
                                    </a>
                                    <h3>
                                        <a class="children" href="/deti/kojenecke-potreby">
                                            Kojenecké potřeby
                                        </a>
                                    </h3>

                                                                        <div class="categories-container">

                                                <a href="/deti/kojenecke-potreby/lahve-a-dudliky">
                                                    Láhve a dudlíky,
                                                </a>

                                                <a href="/deti/kojenecke-potreby/potreby-na-kocarek">
                                                    Potřeby na kočárek,
                                                </a>

                                                <a href="/deti/kojenecke-potreby/osusky-a-bryndacky">
                                                    Osušky a bryndáčky,
                                                </a>

                                        <a href="/deti/kojenecke-potreby">...</a>
                                    </div>
                                </div>
                                <div class="product-type">
                                    <a href="/deti/tehotenstvi-kojeni" class="product-type-image">
                                        <img data-src="https://cdn.kosik.cz/content/category/svg/menu/1382.svg" alt="Těhotenství, kojení">
                                    </a>
                                    <h3>
                                        <a class="children" href="/deti/tehotenstvi-kojeni">
                                            Těhotenství, kojení
                                        </a>
                                    </h3>

                                                                        <div class="categories-container">

                                                <a href="/deti/tehotenstvi-kojeni/vyziva">
                                                    Výživa,
                                                </a>

                                                <a href="/deti/tehotenstvi-kojeni/napoje-pro-maminky">
                                                    Nápoje pro maminky,
                                                </a>

                                        <a href="/deti/tehotenstvi-kojeni">...</a>
                                    </div>
                                </div>
                                <div class="product-type">
                                    <a href="/deti/potreby-pro-skolaky" class="product-type-image">
                                        <img data-src="https://cdn.kosik.cz/content/category/svg/menu/1386.svg" alt="Potřeby pro školáky">
                                    </a>
                                    <h3>
                                        <a class="children" href="/deti/potreby-pro-skolaky">
                                            Potřeby pro školáky
                                        </a>
                                    </h3>

                                                                        <div class="categories-container">

                                                <a href="/deti/potreby-pro-skolaky/psaci-potreby">
                                                    Psací potřeby,
                                                </a>

                                                <a href="/deti/potreby-pro-skolaky/vytvarne-potreby">
                                                    Výtvarné potřeby,
                                                </a>

                                                <a href="/deti/potreby-pro-skolaky/sacky-na-backurky">
                                                    Sáčky na bačkůrky,
                                                </a>
                                        <a href="/deti/potreby-pro-skolaky">...</a>
                                    </div>
                                </div>
                            </div>
                        </div>
                    </div>
                </li>
                <li class="sub with-children"
                    data-open="false">
                    <a href="/domacnost-a-zahrada">
                        Domácnost a zahrada
                    </a>
                        <span class="category-toggle-sub mobile-small-nav-show"
                              onclick="this.parentNode.classList.toggle('open')">
							<i class="fa fa-angle-down" aria-hidden="true"></i>
						</span>
                    <div class="block block-droped-category">
                        <div class="block-droped-category-inner">
                            <div class="category-product-list">

                                                                <div class="product-type">
                                    <a href="/domacnost-a-zahrada/kuchyne" class="product-type-image">
                                        <img data-src="https://cdn.kosik.cz/content/category/svg/menu/1391.svg" alt="Kuchyně">
                                    </a>
                                    <h3>
                                        <a class="children" href="/domacnost-a-zahrada/kuchyne">
                                            Kuchyně
                                        </a>
                                    </h3>

                                                                        <div class="categories-container">

                                                <a href="/domacnost-a-zahrada/kuchyne/pytle-do-kosu-a-kose">
                                                    Pytle do košů a koše,
                                                </a>

                                                <a href="/domacnost-a-zahrada/kuchyne/stolovani">
                                                    Stolování,
                                                </a>

                                                <a href="/domacnost-a-zahrada/kuchyne/kuchynske-potreby">
                                                    Kuchyňské potřeby,
                                                </a>

                                        <a href="/domacnost-a-zahrada/kuchyne">...</a>
                                    </div>
                                </div>
                                <div class="product-type">
                                    <a href="/domacnost-a-zahrada/dum-a-byt" class="product-type-image">
                                        <img data-src="https://cdn.kosik.cz/content/category/svg/menu/1405.svg" alt="Dům a byt">
                                    </a>
                                    <h3>
                                        <a class="children" href="/domacnost-a-zahrada/dum-a-byt">
                                            Dům a byt
                                        </a>
                                    </h3>

                                                                        <div class="categories-container">

                                                <a href="/domacnost-a-zahrada/dum-a-byt/pomucky-k-uklidu">
                                                    Pomůcky k úklidu,
                                                </a>

                                                <a href="/domacnost-a-zahrada/dum-a-byt/domaci-textil">
                                                    Domácí textil,
                                                </a>


                                                <a href="/domacnost-a-zahrada/dum-a-byt/svicky-a-vune">
                                                    Svíčky a vůně,
                                                </a>

                                        <a href="/domacnost-a-zahrada/dum-a-byt">...</a>
                                    </div>
                                </div>
                                <div class="product-type">
                                    <a href="/domacnost-a-zahrada/kucharky" class="product-type-image">
                                        <img data-src="https://cdn.kosik.cz/content/category/svg/menu/1438.svg" alt="Kuchařky">
                                    </a>
                                    <h3>
                                        <a class="children" href="/domacnost-a-zahrada/kucharky">
                                            Kuchařky
                                        </a>
                                    </h3>

                                                                    </div>
                                <div class="product-type">
                                    <a href="/domacnost-a-zahrada/zahrada" class="product-type-image">
                                        <img data-src="https://cdn.kosik.cz/content/category/svg/menu/1427.svg" alt="Zahrada">
                                    </a>
                                    <h3>
                                        <a class="children" href="/domacnost-a-zahrada/zahrada">
                                            Zahrada
                                        </a>
                                    </h3>

                                                                        <div class="categories-container">



                                                <a href="/domacnost-a-zahrada/zahrada/semena">
                                                    Semena,
                                                </a>

                                                <a href="/domacnost-a-zahrada/zahrada/doplnky">
                                                    Doplňky,
                                                </a>

                                                <a href="/domacnost-a-zahrada/zahrada/bazenova-chemie">
                                                    Bazénová chemie,
                                                </a>
                                        <a href="/domacnost-a-zahrada/zahrada">...</a>
                                    </div>
                                </div>
                                <div class="product-type">
                                    <a href="/domacnost-a-zahrada/grilovani" class="product-type-image">
                                        <img data-src="https://cdn.kosik.cz/content/category/svg/menu/1439.svg" alt="Grilování">
                                    </a>
                                    <h3>
                                        <a class="children" href="/domacnost-a-zahrada/grilovani">
                                            Grilování
                                        </a>
                                    </h3>

                                                                        <div class="categories-container">

                                                <a href="/domacnost-a-zahrada/grilovani/grily">
                                                    Grily,
                                                </a>


                                        <a href="/domacnost-a-zahrada/grilovani">...</a>
                                    </div>
                                </div>
                                <div class="product-type">
                                    <a href="/domacnost-a-zahrada/kancelar" class="product-type-image">
                                        <img data-src="https://cdn.kosik.cz/content/category/svg/menu/1393.svg" alt="Kancelář">
                                    </a>
                                    <h3>
                                        <a class="children" href="/domacnost-a-zahrada/kancelar">
                                            Kancelář
                                        </a>
                                    </h3>

                                                                        <div class="categories-container">

                                                <a href="/domacnost-a-zahrada/kancelar/kancelarske-potreby">
                                                    Kancelářské potřeby,
                                                </a>

                                                <a href="/domacnost-a-zahrada/kancelar/papirnictvi">
                                                    Papírnictví,
                                                </a>

                                                <a href="/domacnost-a-zahrada/kancelar/trideni-archivace">
                                                    Třídění, archivace,
                                                </a>
                                        <a href="/domacnost-a-zahrada/kancelar">...</a>
                                    </div>
                                </div>
                                <div class="product-type">
                                    <a href="/domacnost-a-zahrada/lekarna" class="product-type-image">
                                        <img data-src="https://cdn.kosik.cz/content/category/svg/menu/1398.svg" alt="Lékárna">
                                    </a>
                                    <h3>
                                        <a class="children" href="/domacnost-a-zahrada/lekarna">
                                            Lékárna
                                        </a>
                                    </h3>

                                                                        <div class="categories-container">

                                                <a href="/domacnost-a-zahrada/lekarna/vyziva-a-hubnuti">
                                                    Výživa a hubnutí,
                                                </a>


                                                <a href="/domacnost-a-zahrada/lekarna/vyziva-pro-sportovce">
                                                    Výživa pro sportovce,
                                                </a>

                                                <a href="/domacnost-a-zahrada/lekarna/myti-bez-vody">
                                                    Mytí bez vody,
                                                </a>




                                        <a href="/domacnost-a-zahrada/lekarna">...</a>
                                    </div>
                                </div>
                                <div class="product-type">
                                    <a href="/domacnost-a-zahrada/fitness" class="product-type-image">
                                        <img data-src="https://cdn.kosik.cz/content/category/svg/menu/1403.svg" alt="Fitness">
                                    </a>
                                    <h3>
                                        <a class="children" href="/domacnost-a-zahrada/fitness">
                                            Fitness
                                        </a>
                                    </h3>

                                                                        <div class="categories-container">

                                                <a href="/domacnost-a-zahrada/fitness/sportovni-vyziva">
                                                    Sportovní výživa,
                                                </a>
                                        <a href="/domacnost-a-zahrada/fitness">...</a>
                                    </div>
                                </div>
                            </div>
                        </div>
                    </div>
                </li>
                <li class="sub with-children"
                    data-open="false">
                    <a href="/drogerie">
                        Drogerie
                    </a>
                        <span class="category-toggle-sub mobile-small-nav-show"
                              onclick="this.parentNode.classList.toggle('open')">
							<i class="fa fa-angle-down" aria-hidden="true"></i>
						</span>
                    <div class="block block-droped-category">
                        <div class="block-droped-category-inner">
                            <div class="category-product-list">

                                                                <div class="product-type">
                                    <a href="/drogerie/pece-o-telo" class="product-type-image">
                                        <img data-src="https://cdn.kosik.cz/content/category/svg/menu/1531.svg" alt="Péče o tělo">
                                    </a>
                                    <h3>
                                        <a class="children" href="/drogerie/pece-o-telo">
                                            Péče o tělo
                                        </a>
                                    </h3>

                                                                        <div class="categories-container">

                                                <a href="/drogerie/pece-o-telo/telova-mleka-a-kremy">
                                                    Tělová mléka a krémy,
                                                </a>

                                                <a href="/drogerie/pece-o-telo/pece-o-ruce">
                                                    Péče o ruce,
                                                </a>

                                                <a href="/drogerie/pece-o-telo/pece-o-nohy">
                                                    Péče o nohy,
                                                </a>


                                                <a href="/drogerie/pece-o-telo/repelenty">
                                                    Repelenty,
                                                </a>
                                        <a href="/drogerie/pece-o-telo">...</a>
                                    </div>
                                </div>
                                <div class="product-type">
                                    <a href="/drogerie/darkove-sady" class="product-type-image">
                                        <img data-src="https://cdn.kosik.cz/content/category/svg/menu/1571.svg" alt="Dárkové sady">
                                    </a>
                                    <h3>
                                        <a class="children" href="/drogerie/darkove-sady">
                                            Dárkové sady
                                        </a>
                                    </h3>

                                                                        <div class="categories-container">

                                                <a href="/drogerie/darkove-sady/pro-zeny">
                                                    Pro ženy,
                                                </a>

                                                <a href="/drogerie/darkove-sady/pro-muze">
                                                    Pro muže,
                                                </a>

                                                <a href="/drogerie/darkove-sady/pro-deti">
                                                    Pro děti,
                                                </a>

                                                <a href="/drogerie/darkove-sady/unisex">
                                                    Unisex,
                                                </a>
                                        <a href="/drogerie/darkove-sady">...</a>
                                    </div>
                                </div>
                                <div class="product-type">
                                    <a href="/drogerie/praci-prostredky" class="product-type-image">
                                        <img data-src="https://cdn.kosik.cz/content/category/svg/menu/1456.svg" alt="Prací prostředky">
                                    </a>
                                    <h3>
                                        <a class="children" href="/drogerie/praci-prostredky">
                                            Prací prostředky
                                        </a>
                                    </h3>

                                                                        <div class="categories-container">

                                                <a href="/drogerie/praci-prostredky/prasky">
                                                    Prášky,
                                                </a>

                                                <a href="/drogerie/praci-prostredky/gely">
                                                    Gely,
                                                </a>

                                                <a href="/drogerie/praci-prostredky/kapsle">
                                                    Kapsle,
                                                </a>

                                                <a href="/drogerie/praci-prostredky/avivaze">
                                                    Aviváže,
                                                </a>

                                                <a href="/drogerie/praci-prostredky/detske-prani">
                                                    Dětské praní,
                                                </a>

                                                <a href="/drogerie/praci-prostredky/odstranovace-skvrn">
                                                    Odstraňovače skvrn,
                                                </a>
                                        <a href="/drogerie/praci-prostredky">...</a>
                                    </div>
                                </div>
                                <div class="product-type">
                                    <a href="/drogerie/cistici-prostredky" class="product-type-image">
                                        <img data-src="https://cdn.kosik.cz/content/category/svg/menu/1464.svg" alt="Čistící prostředky">
                                    </a>
                                    <h3>
                                        <a class="children" href="/drogerie/cistici-prostredky">
                                            Čistící prostředky
                                        </a>
                                    </h3>

                                                                        <div class="categories-container">

                                                <a href="/drogerie/cistici-prostredky/koupelna">
                                                    Koupelna,
                                                </a>

                                                <a href="/drogerie/cistici-prostredky/kuchyn">
                                                    Kuchyň,
                                                </a>

                                                <a href="/drogerie/cistici-prostredky/toaleta">
                                                    Toaleta,
                                                </a>

                                                <a href="/drogerie/cistici-prostredky/podlahy-a-koberce">
                                                    Podlahy a koberce,
                                                </a>

                                                <a href="/drogerie/cistici-prostredky/okna">
                                                    Okna,
                                                </a>

                                                <a href="/drogerie/cistici-prostredky/nabytek">
                                                    Nábytek,
                                                </a>

                                                <a href="/drogerie/cistici-prostredky/univerzalni">
                                                    Univerzální,
                                                </a>



                                        <a href="/drogerie/cistici-prostredky">...</a>
                                    </div>
                                </div>
                                <div class="product-type">
                                    <a href="/drogerie/myti-nadobi" class="product-type-image">
                                        <img data-src="https://cdn.kosik.cz/content/category/svg/menu/1551.svg" alt="Mytí nádobí">
                                    </a>
                                    <h3>
                                        <a class="children" href="/drogerie/myti-nadobi">
                                            Mytí nádobí
                                        </a>
                                    </h3>

                                                                        <div class="categories-container">

                                                <a href="/drogerie/myti-nadobi/prostredky-do-mycky">
                                                    Prostředky do myčky,
                                                </a>

                                                <a href="/drogerie/myti-nadobi/rucni-myti">
                                                    Ruční mytí,
                                                </a>

                                                <a href="/drogerie/myti-nadobi/hadriky-a-houbicky">
                                                    Hadříky a houbičky,
                                                </a>
                                        <a href="/drogerie/myti-nadobi">...</a>
                                    </div>
                                </div>
                                <div class="product-type">
                                    <a href="/drogerie/toaletni-papir-kapesniky-kuchynske-uterky" class="product-type-image">
                                        <img data-src="https://cdn.kosik.cz/content/category/svg/menu/1561.svg" alt="Toaletní papír, kapesníky, kuchyňské utěrky">
                                    </a>
                                    <h3>
                                        <a class="children" href="/drogerie/toaletni-papir-kapesniky-kuchynske-uterky">
                                            Toaletní papír, kapesníky, kuchyňské utěrky
                                        </a>
                                    </h3>

                                                                        <div class="categories-container">

                                                <a href="/drogerie/toaletni-papir-kapesniky-kuchynske-uterky/toaletni-papiry">
                                                    Toaletní papíry,
                                                </a>

                                                <a href="/drogerie/toaletni-papir-kapesniky-kuchynske-uterky/kapesniky">
                                                    Kapesníky,
                                                </a>

                                                <a href="/drogerie/toaletni-papir-kapesniky-kuchynske-uterky/kuchynske-uterky">
                                                    Kuchyňské utěrky,
                                                </a>
                                        <a href="/drogerie/toaletni-papir-kapesniky-kuchynske-uterky">...</a>
                                    </div>
                                </div>
                                <div class="product-type">
                                    <a href="/drogerie/sprchove-gely-mydla-peny" class="product-type-image">
                                        <img data-src="https://cdn.kosik.cz/content/category/svg/menu/1514.svg" alt="Sprchové gely, mýdla, pěny">
                                    </a>
                                    <h3>
                                        <a class="children" href="/drogerie/sprchove-gely-mydla-peny">
                                            Sprchové gely, mýdla, pěny
                                        </a>
                                    </h3>

                                                                        <div class="categories-container">

                                                <a href="/drogerie/sprchove-gely-mydla-peny/sprchove-gely">
                                                    Sprchové gely,
                                                </a>

                                                <a href="/drogerie/sprchove-gely-mydla-peny/mydla">
                                                    Mýdla,
                                                </a>

                                                <a href="/drogerie/sprchove-gely-mydla-peny/peny-a-oleje-do-koupele">
                                                    Pěny a oleje do koupele,
                                                </a>
                                        <a href="/drogerie/sprchove-gely-mydla-peny">...</a>
                                    </div>
                                </div>
                                <div class="product-type">
                                    <a href="/drogerie/pece-o-vlasy" class="product-type-image">
                                        <img data-src="https://cdn.kosik.cz/content/category/svg/menu/1523.svg" alt="Péče o vlasy">
                                    </a>
                                    <h3>
                                        <a class="children" href="/drogerie/pece-o-vlasy">
                                            Péče o vlasy
                                        </a>
                                    </h3>

                                                                        <div class="categories-container">

                                                <a href="/drogerie/pece-o-vlasy/sampony">
                                                    Šampony,
                                                </a>

                                                <a href="/drogerie/pece-o-vlasy/kondicionery">
                                                    Kondicionéry,
                                                </a>

                                                <a href="/drogerie/pece-o-vlasy/laky">
                                                    Laky,
                                                </a>

                                                <a href="/drogerie/pece-o-vlasy/tuzidla">
                                                    Tužidla,
                                                </a>

                                                <a href="/drogerie/pece-o-vlasy/gely">
                                                    Gely,
                                                </a>

                                                <a href="/drogerie/pece-o-vlasy/barvy-na-vlasy">
                                                    Barvy na vlasy,
                                                </a>
                                        <a href="/drogerie/pece-o-vlasy">...</a>
                                    </div>
                                </div>
                                <div class="product-type">
                                    <a href="/drogerie/pece-o-plet" class="product-type-image">
                                        <img data-src="https://cdn.kosik.cz/content/category/svg/menu/1541.svg" alt="Péče o pleť">
                                    </a>
                                    <h3>
                                        <a class="children" href="/drogerie/pece-o-plet">
                                            Péče o pleť
                                        </a>
                                    </h3>

                                                                        <div class="categories-container">

                                                <a href="/drogerie/pece-o-plet/pletove-kremy">
                                                    Pleťové krémy,
                                                </a>

                                                <a href="/drogerie/pece-o-plet/odlicovani">
                                                    Odličování,
                                                </a>

                                                <a href="/drogerie/pece-o-plet/masky-a-peelingy">
                                                    Masky a peelingy,
                                                </a>

                                                <a href="/drogerie/pece-o-plet/pece-o-rty">
                                                    Péče o rty,
                                                </a>

                                        <a href="/drogerie/pece-o-plet">...</a>
                                    </div>
                                </div>
                                <div class="product-type">
                                    <a href="/drogerie/ustni-hygiena" class="product-type-image">
                                        <img data-src="https://cdn.kosik.cz/content/category/svg/menu/1502.svg" alt="Ústní hygiena">
                                    </a>
                                    <h3>
                                        <a class="children" href="/drogerie/ustni-hygiena">
                                            Ústní hygiena
                                        </a>
                                    </h3>

                                                                        <div class="categories-container">

                                                <a href="/drogerie/ustni-hygiena/zubni-pasty">
                                                    Zubní pasty,
                                                </a>

                                                <a href="/drogerie/ustni-hygiena/zubni-kartacky">
                                                    Zubní kartáčky,
                                                </a>

                                                <a href="/drogerie/ustni-hygiena/ustni-vody">
                                                    Ústní vody,
                                                </a>

                                                <a href="/drogerie/ustni-hygiena/mezizubni-pece">
                                                    Mezizubní péče,
                                                </a>

                                        <a href="/drogerie/ustni-hygiena">...</a>
                                    </div>
                                </div>
                                <div class="product-type">
                                    <a href="/drogerie/deodoranty-a-antiperspiranty" class="product-type-image">
                                        <img data-src="https://cdn.kosik.cz/content/category/svg/menu/1477.svg" alt="Deodoranty a antiperspiranty">
                                    </a>
                                    <h3>
                                        <a class="children" href="/drogerie/deodoranty-a-antiperspiranty">
                                            Deodoranty a antiperspiranty
                                        </a>
                                    </h3>

                                                                        <div class="categories-container">

                                                <a href="/drogerie/deodoranty-a-antiperspiranty/damske">
                                                    Dámské,
                                                </a>

                                                <a href="/drogerie/deodoranty-a-antiperspiranty/panske">
                                                    Pánské,
                                                </a>
                                        <a href="/drogerie/deodoranty-a-antiperspiranty">...</a>
                                    </div>
                                </div>
                                <div class="product-type">
                                    <a href="/drogerie/holeni-a-epilace" class="product-type-image">
                                        <img data-src="https://cdn.kosik.cz/content/category/svg/menu/1493.svg" alt="Holení a epilace">
                                    </a>
                                    <h3>
                                        <a class="children" href="/drogerie/holeni-a-epilace">
                                            Holení a epilace
                                        </a>
                                    </h3>

                                                                        <div class="categories-container">

                                                <a href="/drogerie/holeni-a-epilace/damske">
                                                    Dámské,
                                                </a>

                                                <a href="/drogerie/holeni-a-epilace/panske">
                                                    Pánské,
                                                </a>
                                        <a href="/drogerie/holeni-a-epilace">...</a>
                                    </div>
                                </div>
                                <div class="product-type">
                                    <a href="/drogerie/damska-hygiena" class="product-type-image">
                                        <img data-src="https://cdn.kosik.cz/content/category/svg/menu/1508.svg" alt="Dámská hygiena">
                                    </a>
                                    <h3>
                                        <a class="children" href="/drogerie/damska-hygiena">
                                            Dámská hygiena
                                        </a>
                                    </h3>

                                                                        <div class="categories-container">

                                                <a href="/drogerie/damska-hygiena/vlozky">
                                                    Vložky,
                                                </a>

                                                <a href="/drogerie/damska-hygiena/tampony">
                                                    Tampóny,
                                                </a>

                                                <a href="/drogerie/damska-hygiena/intimni-hygiena">
                                                    Intimní hygiena,
                                                </a>
                                        <a href="/drogerie/damska-hygiena">...</a>
                                    </div>
                                </div>
                                <div class="product-type">
                                    <a href="/drogerie/eko-drogerie-a-kosmetika" class="product-type-image">
                                        <img data-src="https://cdn.kosik.cz/content/category/svg/menu/1488.svg" alt="Eko drogerie a kosmetika">
                                    </a>
                                    <h3>
                                        <a class="children" href="/drogerie/eko-drogerie-a-kosmetika">
                                            Eko drogerie a kosmetika
                                        </a>
                                    </h3>

                                                                        <div class="categories-container">

                                                <a href="/drogerie/eko-drogerie-a-kosmetika/prani">
                                                    Praní,
                                                </a>

                                                <a href="/drogerie/eko-drogerie-a-kosmetika/myti-nadobi">
                                                    Mytí nádobí,
                                                </a>

                                                <a href="/drogerie/eko-drogerie-a-kosmetika/cistici-prostredky">
                                                    Čistící prostředky,
                                                </a>

                                                <a href="/drogerie/eko-drogerie-a-kosmetika/prirodni-kosmetika">
                                                    Přírodní kosmetika,
                                                </a>
                                        <a href="/drogerie/eko-drogerie-a-kosmetika">...</a>
                                    </div>
                                </div>
                                <div class="product-type">
                                    <a href="/drogerie/pece-o-zdravi" class="product-type-image">
                                        <img data-src="https://cdn.kosik.cz/content/category/svg/menu/1565.svg" alt="Péče o zdraví">
                                    </a>
                                    <h3>
                                        <a class="children" href="/drogerie/pece-o-zdravi">
                                            Péče o zdraví
                                        </a>
                                    </h3>

                                                                        <div class="categories-container">

                                                <a href="/drogerie/pece-o-zdravi/intimni-chvile">
                                                    Intimní chvíle,
                                                </a>

                                                <a href="/drogerie/pece-o-zdravi/masazni-emulze">
                                                    Masážní emulze,
                                                </a>
                                        <a href="/drogerie/pece-o-zdravi">...</a>
                                    </div>
                                </div>
                            </div>
                        </div>
                    </div>
                </li>
                <li class="sub with-children"
                    data-open="false">
                    <a href="/trafika">
                        Trafika
                    </a>
                        <span class="category-toggle-sub mobile-small-nav-show"
                              onclick="this.parentNode.classList.toggle('open')">
							<i class="fa fa-angle-down" aria-hidden="true"></i>
						</span>
                    <div class="block block-droped-category">
                        <div class="block-droped-category-inner">
                            <div class="category-product-list">

                                                                <div class="product-type">
                                    <a href="/trafika/cigarety-a-tabak" class="product-type-image">
                                        <img data-src="https://cdn.kosik.cz/content/category/svg/menu/1578.svg" alt="Cigarety a tabák">
                                    </a>
                                    <h3>
                                        <a class="children" href="/trafika/cigarety-a-tabak">
                                            Cigarety a tabák
                                        </a>
                                    </h3>

                                                                    </div>
                            </div>
                        </div>
                    </div>
                </li>


        </ul>
    </div>
</div>

<script type="text/javascript">
    $(function() {
        $('.christmas-link').on('click', function () {
            if (window.innerWidth < 1025) {
                var mobileMenu = $('#big-menu');
                mobileMenu.toggleClass('open');
                basic.toggleClass((document.querySelector('body')), 'open-menu');
            }
            $('html, body').animate({
                scrollTop: $('#christmas-inspiration').offset().top - 100
            }, 2000);
            return false;
        });

    });
</script>

						<div
								class="region region-delivery-cart" id="fixed-menu">
							<div class="region-inner region-delivery-cart-inner">
								<div id="snippet--orderSlotPreviewArea">
<script>
    $(document).ready(function(){
        var nearest = $('.block-nearest-delivery');

        if(nearest.hasClass('unloaded')){
            $.nette.ajax("\/napoje?do=orderSlotPreview-load").done(function(){
                nearest.removeClass('unloaded')
            });
        }
    })
</script>
<div class="block block-nearest-delivery unloaded" id="snippet-orderSlotPreview-slots">
        <span class="noslot">Nejbližší termín dodání se dozvíte v <strong>průběhu objednávání</strong>. Momentálně jsme zaneprázdněni vyřizováním objednávek ostatních zákazníků.</span>
</div>
								</div>

								<div class="block-cart-dropdown" id="snippet--cartPreview">
<div class="cart-fixing-box">
	<a href="javaScript:void(0);" onclick="fixing.openBox(&quot;\/napoje?do=cartPreview-showCart&quot;)" id="cart-open-button" aria-hidden="true">
		<i class="fa fa-angle-down" aria-hidden="true"></i>
		<p class="units-in-cart">
			<span class="show-cart-text" data-visible="Obchod" data-hide="Zobrazit">
					Zobrazit
			</span>
			<span class="total-items-incart" id="snippet-cartPreview-totalItems"><span class="accessible">Počet položek v košíku: </span>0</span>
		</p>
	</a>
		<a class="open-cart button-simple button-red blur-modal-overlay kosik-modal-open" data-target="login-modal">
			Pokladna
		</a>
	<p class="cart-price button-simple button-green" id="snippet-cartPreview-totalPriceArea">
		<strong class="price">0,00 Kč</strong>
	</p>
</div>
<div class="cart-box fixed-top" id="cart-detail-preview">
<div id="snippet-cartPreview-cartBox"><div id="snippet-cartPreview-detail-">	<div class="cart-item-list-overlay">
		<div id="cart-items-list" class="cart-items-list min">
			<div class="cart-items-scroller">
				<h4 class="accessible">Položky v košíku</h2>
				<div class="cart-is-empty">
										Košík máte prázdný,<br>vraťte se <a href="javascript:void(0);" onclick="fixing.openBox('\/?do=cartPreview-showCart')">do obchodu</a>.
									</div>
			</div>
		</div>
<div id="snippet-cartPreview-detail-finalPrice">				<div class="make-order" id="make-order-button">
					<div class="cart-minimal">
						<p>
								Minimální cena objednávky je <b class="no-break"><strong class="price">500,00 Kč</strong></b> Kč
								<br>
								Přidejte zboží ještě alespoň za <em class="no-break"><strong class="price">500,00 Kč</strong></em>
						</p>
					</div>

						<a class="button button-red blur-modal-overlay kosik-modal-open" data-target="login-modal">
							Koupit za  0 Kč
						</a>
				</div>
			<script>
				$(document).ready(function(){
					$('.cart-control-delete, .cart-item-delete').click(function(){
						$(this).closest('li').addClass('hidden-product');
					});
				});
			</script>
</div>	</div>
	<script async>
		basic.documentReady(function () {

			if (window.innerWidth > 1024) {
				$('#delete-cart-items').on('click', function (e) {
					var message = confirm('Opravdu chcete vyprázdnit váš košík?')

					if (!message)
						e.preventDefault();
					else
						$.nette.ajax(this.dataset.href);
				});
			}
		});
	</script>
</div></div></div>
<script async>
	basic.documentReady(function(){
		fixing.init();
	});

	$(document).ajaxComplete(function(){
		fixing.reinitElements(true);
	});
</script>
								</div>
							</div>
						</div>
<div id="snippet-pASystem-"></div>					</div>

					<div class="region region-breadcrumb">
						<div class="region-inner region-breadcrumb-inner">

<ol class="kosik-breadcrumb">
    <li>
        <a href="/">Košík.cz</a>
    </li>
    <li>
        <a href="/napoje">
            Nápoje
        </a>
    </li>
</ol>
<div class="clear"></div>

<script type="application/ld+json" async>
{"@context":"http://schema.org","@type":"BreadcrumbList","itemListElement":[{"@type":"ListItem","position":1,"item":{"@id":"/zbozi","name":"Zboží"}},{"@type":"ListItem","position":2,"item":{"@id":"/napoje","name":"Nápoje"}}]}
</script>						</div>
					</div>

				</div>
			</div>
		</header>

		<div class="mainOuter">
			
		</div>

		<div class="zone-wrapper zone-main-wrapper clearfix" role="main">
			<a name="maincontent" id="maincontent" aria-hidden="true"></a>
	<div class="zone zone-main clearfix">

		<div class="region region-category-review-slider" role="complementary">
			<div class="region-inner region-category-review-slider-inner">
<div class="block block-product-list-category  lighter-gray-bg">
	<div class="category-review">
		<ul class="category-review-list">
			<li>
				<a href="/napoje/mineralni-a-pramenite">
					Minerální a pramenité				</a>
				<a class="category-has-dropdown" href="" aria-hidden="true" tabindex="-1">
					<i class="fa fa-angle-down"></i>
				</a>
				<ul>
					<li>
						<a href="/napoje/mineralni-a-pramenite/mineralni">Minerální</a>
					</li>
					<li>
						<a href="/napoje/mineralni-a-pramenite/pramenite">Pramenité</a>
					</li>
					<li>
						<a href="/napoje/mineralni-a-pramenite/kojenecke">Kojenecké</a>
					</li>
				</ul>
			</li>
			<li>
				<a href="/napoje/dzusy-a-detske">
					Džusy a dětské				</a>
				<a class="category-has-dropdown" href="" aria-hidden="true" tabindex="-1">
					<i class="fa fa-angle-down"></i>
				</a>
				<ul>
					<li>
						<a href="/napoje/dzusy-a-detske/100-dzusy">100% džusy</a>
					</li>
					<li>
						<a href="/napoje/dzusy-a-detske/cerstve-dzusy">Čerstvé džusy</a>
					</li>
					<li>
						<a href="/napoje/dzusy-a-detske/mosty-a-100-stavy">Mošty a 100% šťávy</a>
					</li>
					<li>
						<a href="/napoje/dzusy-a-detske/nektary">Nektary</a>
					</li>
					<li>
						<a href="/napoje/dzusy-a-detske/ovocne-napoje">Ovocné nápoje</a>
					</li>
					<li>
						<a href="/napoje/dzusy-a-detske/detske-napoje">Dětské nápoje</a>
					</li>
				</ul>
			</li>
			<li>
				<a href="/napoje/limonady-a-ledove-caje">
					Limonády a ledové čaje				</a>
				<a class="category-has-dropdown" href="" aria-hidden="true" tabindex="-1">
					<i class="fa fa-angle-down"></i>
				</a>
				<ul>
					<li>
						<a href="/napoje/limonady-a-ledove-caje/limonady">Limonády</a>
					</li>
					<li>
						<a href="/napoje/limonady-a-ledove-caje/ledove-caje">Ledové čaje</a>
					</li>
				</ul>
			</li>
			<li>
				<a href="/napoje/sirupy-a-koncentraty">
					Sirupy a koncentráty				</a>
				<a class="category-has-dropdown" href="" aria-hidden="true" tabindex="-1">
					<i class="fa fa-angle-down"></i>
				</a>
				<ul>
					<li>
						<a href="/napoje/sirupy-a-koncentraty/sirupy">Sirupy</a>
					</li>
					<li>
						<a href="/napoje/sirupy-a-koncentraty/koncentraty">Koncentráty</a>
					</li>
					<li>
						<a href="/napoje/sirupy-a-koncentraty/barmanske-sirupy">Barmanské sirupy</a>
					</li>
				</ul>
			</li>
			<li>
				<a href="/napoje/energy-drinky-iontove">
					Energy drinky, iontové				</a>
				<a class="category-has-dropdown" href="" aria-hidden="true" tabindex="-1">
					<i class="fa fa-angle-down"></i>
				</a>
				<ul>
					<li>
						<a href="/napoje/energy-drinky-iontove/energy-drinky">Energy drinky</a>
					</li>
					<li>
						<a href="/napoje/energy-drinky-iontove/iontove-napoje">Iontové nápoje</a>
					</li>
				</ul>
			</li>
			<li>
				<a href="/napoje/caj-kava-a-ledova-kava">
					Čaj, káva a ledová káva				</a>
				<a class="category-has-dropdown" href="" aria-hidden="true" tabindex="-1">
					<i class="fa fa-angle-down"></i>
				</a>
				<ul>
					<li>
						<a href="/napoje/caj-kava-a-ledova-kava/caj">Čaj</a>
					</li>
					<li>
						<a href="/napoje/caj-kava-a-ledova-kava/kava">Káva</a>
					</li>
					<li>
						<a href="/napoje/caj-kava-a-ledova-kava/ledova-kava">Ledová káva</a>
					</li>
				</ul>
			</li>
			<li>
				<a href="/napoje/kakaa-cokolady-a-rozpustne">
					Kakaa, čokolády a rozpustné				</a>
				<a class="category-has-dropdown" href="" aria-hidden="true" tabindex="-1">
					<i class="fa fa-angle-down"></i>
				</a>
				<ul>
					<li>
						<a href="/napoje/kakaa-cokolady-a-rozpustne/cokolady-cappucina-a-kakaa">Čokolády, cappucina a kakaa</a>
					</li>
					<li>
						<a href="/napoje/kakaa-cokolady-a-rozpustne/instantni-napoje">Instantní nápoje</a>
					</li>
					<li>
						<a href="/napoje/kakaa-cokolady-a-rozpustne/rozpustne-kavoviny">Rozpustné kávoviny</a>
					</li>
				</ul>
			</li>
			<li>
				<a href="/napoje/pivo">
					Pivo				</a>
				<a class="category-has-dropdown" href="" aria-hidden="true" tabindex="-1">
					<i class="fa fa-angle-down"></i>
				</a>
				<ul>
					<li>
						<a href="/napoje/pivo/vycepni">Výčepní</a>
					</li>
					<li>
						<a href="/napoje/pivo/lezak">Ležák</a>
					</li>
					<li>
						<a href="/napoje/pivo/nealko">Nealko</a>
					</li>
					<li>
						<a href="/napoje/pivo/ale">Ale</a>
					</li>
					<li>
						<a href="/napoje/pivo/ochucene">Ochucené</a>
					</li>
					<li>
						<a href="/napoje/pivo/cider">Cider</a>
					</li>
					<li>
						<a href="/napoje/pivo/tmave">Tmavé</a>
					</li>
					<li>
						<a href="/napoje/pivo/psenicne">Pšeničné</a>
					</li>
					<li>
						<a href="/napoje/pivo/specialni">Speciální</a>
					</li>
					<li>
						<a href="/napoje/pivo/male-pivovary">Malé pivovary</a>
					</li>
					<li>
						<a href="/napoje/pivo/sudove">Sudové</a>
					</li>
					<li>
						<a href="/napoje/pivo/zahranicni">Zahraniční</a>
					</li>
					<li>
						<a href="/napoje/pivo/multibaleni">Multibalení</a>
					</li>
				</ul>
			</li>
			<li>
				<a href="/napoje/vina">
					Vína				</a>
				<a class="category-has-dropdown" href="" aria-hidden="true" tabindex="-1">
					<i class="fa fa-angle-down"></i>
				</a>
				<ul>
					<li>
						<a href="/napoje/vina/bila">Bílá</a>
					</li>
					<li>
						<a href="/napoje/vina/dezertni">Dezertní</a>
					</li>
					<li>
						<a href="/napoje/vina/cervena">Červená</a>
					</li>
					<li>
						<a href="/napoje/vina/ruzova">Řůžová</a>
					</li>
					<li>
						<a href="/napoje/vina/sumiva-a-sampanske">Šumivá a šampaňské</a>
					</li>
				</ul>
			</li>
			<li>
				<a href="/napoje/lihoviny">
					Lihoviny				</a>
				<a class="category-has-dropdown" href="" aria-hidden="true" tabindex="-1">
					<i class="fa fa-angle-down"></i>
				</a>
				<ul>
					<li>
						<a href="/napoje/lihoviny/aperitivy">Aperitivy</a>
					</li>
					<li>
						<a href="/napoje/lihoviny/brandy-a-konak">Brandy a koňak</a>
					</li>
					<li>
						<a href="/napoje/lihoviny/gin-a-absinth">Gin a absinth</a>
					</li>
					<li>
						<a href="/napoje/lihoviny/rum">Rum</a>
					</li>
					<li>
						<a href="/napoje/lihoviny/vodka">Vodka</a>
					</li>
					<li>
						<a href="/napoje/lihoviny/tequila">Tequila</a>
					</li>
					<li>
						<a href="/napoje/lihoviny/whisky-a-bourbon">Whisky a bourbon</a>
					</li>
					<li>
						<a href="/napoje/lihoviny/ovocne-palenky-a-calvados">Ovocné pálenky a calvados</a>
					</li>
					<li>
						<a href="/napoje/lihoviny/likery">Likéry</a>
					</li>
					<li>
						<a href="/napoje/lihoviny/michane-napoje">Míchané nápoje</a>
					</li>
				</ul>
			</li>
		</ul>
	</div>
</div>				<div id="snippet--productFilterArea">
<div class="block block-product-price-filter lighter-gray-bg">
    <div class="filter-ajax-waiting">
        <div class="loading">
            <div class="loading-bar"></div>
            <div class="loading-bar"></div>
            <div class="loading-bar"></div>
            <div class="loading-bar"></div>
        </div>
    </div>
    <div class="count" id="snippet-productFilter-countArea">
        <p>3675 produktů nalezeno</p>
    </div>

        <h3 aria-label="Filtr Podle ceny">Podle ceny</h3>
        <div id="snippet-productFilter-priceFinalVatConstraintFormArea">
        <form action="/napoje" method="post" class="ajax filter-constraint filter-range" id="frm-productFilter-priceFinalVatConstraintForm">
                                <div id="slider-value" class="slider"><input type="text" name="value[min]" style="display:none" id="value-min" value="0"><input type="text" name="value[max]" style="display:none" id="value-max" value="3890"><div data-suffix="Kč" data-minimum="0" data-maximum="3890" data-value-min="0" data-value-max="3890" data-step="10" class="range-wrapper"><div id="range-input"></div></div><span id="value-label-minValue"></span><span id="value-label-maxValue" style="float:right"></span></div>
                                <input type="hidden" name="do" value="productFilter-priceFinalVatConstraintForm-submit">
        <!--[if IE]><input type=IEbug disabled style="display:none"><![endif]-->
</form>

</div>
        <h3 aria-label="Filtr Podle značky">Podle značky</h3>
        <div id="snippet-productFilter-brandConstraintFormArea">
        <form action="/napoje" method="post" class="ajax filter-constraint filter-list" id="frm-productFilter-brandConstraintForm">
                <div class="filter-categories" id="filter-brand">

                                                         <div class="form-row" style="display: none;">
                            <input type="checkbox" name="value[]" onchange=" $('.filter-ajax-waiting').addClass('show');$(this).closest('form').submit();" id="frm-productFilter-brandConstraintForm-value-1437" value="1437" aria-label="!7UP (2)">
                            <label for="frm-productFilter-brandConstraintForm-value-1437">7UP (2)</label>
                        </div>


                                                         <div class="form-row" style="display: none;">
                            <input type="checkbox" name="value[]" onchange=" $('.filter-ajax-waiting').addClass('show');$(this).closest('form').submit();" id="frm-productFilter-brandConstraintForm-value-3506" value="3506" aria-label="!A.H.Riise (1)">
                            <label for="frm-productFilter-brandConstraintForm-value-3506">A.H.Riise (1)</label>
                        </div>


                                                         <div class="form-row" style="display: none;">
                            <input type="checkbox" name="value[]" onchange=" $('.filter-ajax-waiting').addClass('show');$(this).closest('form').submit();" id="frm-productFilter-brandConstraintForm-value-3080" value="3080" aria-label="!AC/DC (1)">
                            <label for="frm-productFilter-brandConstraintForm-value-3080">AC/DC (1)</label>
                        </div>


                                                         <div class="form-row" style="display: none;">
                            <input type="checkbox" name="value[]" onchange=" $('.filter-ajax-waiting').addClass('show');$(this).closest('form').submit();" id="frm-productFilter-brandConstraintForm-value-3059" value="3059" aria-label="!ALSA (2)">
                            <label for="frm-productFilter-brandConstraintForm-value-3059">ALSA (2)</label>
                        </div>


                                                         <div class="form-row" style="display: none;">
                            <input type="checkbox" name="value[]" onchange=" $('.filter-ajax-waiting').addClass('show');$(this).closest('form').submit();" id="frm-productFilter-brandConstraintForm-value-2416" value="2416" aria-label="!AMC Juices, S.L. (6)">
                            <label for="frm-productFilter-brandConstraintForm-value-2416">AMC Juices, S.L. (6)</label>
                        </div>


                                                         <div class="form-row" style="display: none;">
                            <input type="checkbox" name="value[]" onchange=" $('.filter-ajax-waiting').addClass('show');$(this).closest('form').submit();" id="frm-productFilter-brandConstraintForm-value-519" value="519" aria-label="!Absolut (8)">
                            <label for="frm-productFilter-brandConstraintForm-value-519">Absolut (8)</label>
                        </div>


                                                         <div class="form-row" style="display: none;">
                            <input type="checkbox" name="value[]" onchange=" $('.filter-ajax-waiting').addClass('show');$(this).closest('form').submit();" id="frm-productFilter-brandConstraintForm-value-1079" value="1079" aria-label="!Acqua Panna (2)">
                            <label for="frm-productFilter-brandConstraintForm-value-1079">Acqua Panna (2)</label>
                        </div>


                                                         <div class="form-row" style="display: none;">
                            <input type="checkbox" name="value[]" onchange=" $('.filter-ajax-waiting').addClass('show');$(this).closest('form').submit();" id="frm-productFilter-brandConstraintForm-value-2456" value="2456" aria-label="!African Winery (4)">
                            <label for="frm-productFilter-brandConstraintForm-value-2456">African Winery (4)</label>
                        </div>


                                                         <div class="form-row" style="display: none;">
                            <input type="checkbox" name="value[]" onchange=" $('.filter-ajax-waiting').addClass('show');$(this).closest('form').submit();" id="frm-productFilter-brandConstraintForm-value-987" value="987" aria-label="!Ahmad  (4)">
                            <label for="frm-productFilter-brandConstraintForm-value-987">Ahmad  (4)</label>
                        </div>


                            <div class="form-row">
                            <input type="checkbox" name="value[]" onchange=" $('.filter-ajax-waiting').addClass('show');$(this).closest('form').submit();" id="frm-productFilter-brandConstraintForm-value-1255" value="1255" aria-label="!Ahmad Tea (42)">
                            <label for="frm-productFilter-brandConstraintForm-value-1255">Ahmad Tea (42)</label>
                        </div>


                                                         <div class="form-row" style="display: none;">
                            <input type="checkbox" name="value[]" onchange=" $('.filter-ajax-waiting').addClass('show');$(this).closest('form').submit();" id="frm-productFilter-brandConstraintForm-value-3021" value="3021" aria-label="!Alberto (3)">
                            <label for="frm-productFilter-brandConstraintForm-value-3021">Alberto (3)</label>
                        </div>


                                                         <div class="form-row" style="display: none;">
                            <input type="checkbox" name="value[]" onchange=" $('.filter-ajax-waiting').addClass('show');$(this).closest('form').submit();" id="frm-productFilter-brandConstraintForm-value-2175" value="2175" aria-label="!Almdudler (3)">
                            <label for="frm-productFilter-brandConstraintForm-value-2175">Almdudler (3)</label>
                        </div>


                                                         <div class="form-row" style="display: none;">
                            <input type="checkbox" name="value[]" onchange=" $('.filter-ajax-waiting').addClass('show');$(this).closest('form').submit();" id="frm-productFilter-brandConstraintForm-value-2767" value="2767" aria-label="!Alpha (2)">
                            <label for="frm-productFilter-brandConstraintForm-value-2767">Alpha (2)</label>
                        </div>


                                                         <div class="form-row" style="display: none;">
                            <input type="checkbox" name="value[]" onchange=" $('.filter-ajax-waiting').addClass('show');$(this).closest('form').submit();" id="frm-productFilter-brandConstraintForm-value-2638" value="2638" aria-label="!Amaretto (2)">
                            <label for="frm-productFilter-brandConstraintForm-value-2638">Amaretto (2)</label>
                        </div>


                                                         <div class="form-row" style="display: none;">
                            <input type="checkbox" name="value[]" onchange=" $('.filter-ajax-waiting').addClass('show');$(this).closest('form').submit();" id="frm-productFilter-brandConstraintForm-value-3083" value="3083" aria-label="!Amaro Montenegro (1)">
                            <label for="frm-productFilter-brandConstraintForm-value-3083">Amaro Montenegro (1)</label>
                        </div>


                                                         <div class="form-row" style="display: none;">
                            <input type="checkbox" name="value[]" onchange=" $('.filter-ajax-waiting').addClass('show');$(this).closest('form').submit();" id="frm-productFilter-brandConstraintForm-value-520" value="520" aria-label="!Amundsen (15)">
                            <label for="frm-productFilter-brandConstraintForm-value-520">Amundsen (15)</label>
                        </div>


                                                         <div class="form-row" style="display: none;">
                            <input type="checkbox" name="value[]" onchange=" $('.filter-ajax-waiting').addClass('show');$(this).closest('form').submit();" id="frm-productFilter-brandConstraintForm-value-315" value="315" aria-label="!Amylon (1)">
                            <label for="frm-productFilter-brandConstraintForm-value-315">Amylon (1)</label>
                        </div>


                                                         <div class="form-row" style="display: none;">
                            <input type="checkbox" name="value[]" onchange=" $('.filter-ajax-waiting').addClass('show');$(this).closest('form').submit();" id="frm-productFilter-brandConstraintForm-value-657" value="657" aria-label="!Aperol (3)">
                            <label for="frm-productFilter-brandConstraintForm-value-657">Aperol (3)</label>
                        </div>


                                                         <div class="form-row" style="display: none;">
                            <input type="checkbox" name="value[]" onchange=" $('.filter-ajax-waiting').addClass('show');$(this).closest('form').submit();" id="frm-productFilter-brandConstraintForm-value-3553" value="3553" aria-label="!Apotheke (1)">
                            <label for="frm-productFilter-brandConstraintForm-value-3553">Apotheke (1)</label>
                        </div>


                                                         <div class="form-row" style="display: none;">
                            <input type="checkbox" name="value[]" onchange=" $('.filter-ajax-waiting').addClass('show');$(this).closest('form').submit();" id="frm-productFilter-brandConstraintForm-value-3333" value="3333" aria-label="!Appy Kids CO (5)">
                            <label for="frm-productFilter-brandConstraintForm-value-3333">Appy Kids CO (5)</label>
                        </div>


                                                         <div class="form-row" style="display: none;">
                            <input type="checkbox" name="value[]" onchange=" $('.filter-ajax-waiting').addClass('show');$(this).closest('form').submit();" id="frm-productFilter-brandConstraintForm-value-1447" value="1447" aria-label="!Aqua Bella (1)">
                            <label for="frm-productFilter-brandConstraintForm-value-1447">Aqua Bella (1)</label>
                        </div>


                                                         <div class="form-row" style="display: none;">
                            <input type="checkbox" name="value[]" onchange=" $('.filter-ajax-waiting').addClass('show');$(this).closest('form').submit();" id="frm-productFilter-brandConstraintForm-value-396" value="396" aria-label="!Aquila (20)">
                            <label for="frm-productFilter-brandConstraintForm-value-396">Aquila (20)</label>
                        </div>


                                                         <div class="form-row" style="display: none;">
                            <input type="checkbox" name="value[]" onchange=" $('.filter-ajax-waiting').addClass('show');$(this).closest('form').submit();" id="frm-productFilter-brandConstraintForm-value-3524" value="3524" aria-label="!Ararat (1)">
                            <label for="frm-productFilter-brandConstraintForm-value-3524">Ararat (1)</label>
                        </div>


                                                         <div class="form-row" style="display: none;">
                            <input type="checkbox" name="value[]" onchange=" $('.filter-ajax-waiting').addClass('show');$(this).closest('form').submit();" id="frm-productFilter-brandConstraintForm-value-3474" value="3474" aria-label="!Arrogant Frog (1)">
                            <label for="frm-productFilter-brandConstraintForm-value-3474">Arrogant Frog (1)</label>
                        </div>


                                                         <div class="form-row" style="display: none;">
                            <input type="checkbox" name="value[]" onchange=" $('.filter-ajax-waiting').addClass('show');$(this).closest('form').submit();" id="frm-productFilter-brandConstraintForm-value-3065" value="3065" aria-label="!ArtSpritz (1)">
                            <label for="frm-productFilter-brandConstraintForm-value-3065">ArtSpritz (1)</label>
                        </div>


                                                         <div class="form-row" style="display: none;">
                            <input type="checkbox" name="value[]" onchange=" $('.filter-ajax-waiting').addClass('show');$(this).closest('form').submit();" id="frm-productFilter-brandConstraintForm-value-461" value="461" aria-label="!Augustiniánský Sklep (1)">
                            <label for="frm-productFilter-brandConstraintForm-value-461">Augustiniánský Sklep (1)</label>
                        </div>


                                                         <div class="form-row" style="display: none;">
                            <input type="checkbox" name="value[]" onchange=" $('.filter-ajax-waiting').addClass('show');$(this).closest('form').submit();" id="frm-productFilter-brandConstraintForm-value-2473" value="2473" aria-label="!Aurvin Flowers (5)">
                            <label for="frm-productFilter-brandConstraintForm-value-2473">Aurvin Flowers (5)</label>
                        </div>


                                                         <div class="form-row" style="display: none;">
                            <input type="checkbox" name="value[]" onchange=" $('.filter-ajax-waiting').addClass('show');$(this).closest('form').submit();" id="frm-productFilter-brandConstraintForm-value-638" value="638" aria-label="!Australian Bush (6)">
                            <label for="frm-productFilter-brandConstraintForm-value-638">Australian Bush (6)</label>
                        </div>


                                                         <div class="form-row" style="display: none;">
                            <input type="checkbox" name="value[]" onchange=" $('.filter-ajax-waiting').addClass('show');$(this).closest('form').submit();" id="frm-productFilter-brandConstraintForm-value-493" value="493" aria-label="!Avanti (7)">
                            <label for="frm-productFilter-brandConstraintForm-value-493">Avanti (7)</label>
                        </div>


                                                         <div class="form-row" style="display: none;">
                            <input type="checkbox" name="value[]" onchange=" $('.filter-ajax-waiting').addClass('show');$(this).closest('form').submit();" id="frm-productFilter-brandConstraintForm-value-376" value="376" aria-label="!Avita (2)">
                            <label for="frm-productFilter-brandConstraintForm-value-376">Avita (2)</label>
                        </div>


                                                         <div class="form-row" style="display: none;">
                            <input type="checkbox" name="value[]" onchange=" $('.filter-ajax-waiting').addClass('show');$(this).closest('form').submit();" id="frm-productFilter-brandConstraintForm-value-513" value="513" aria-label="!Bacardi (9)">
                            <label for="frm-productFilter-brandConstraintForm-value-513">Bacardi (9)</label>
                        </div>


                                                         <div class="form-row" style="display: none;">
                            <input type="checkbox" name="value[]" onchange=" $('.filter-ajax-waiting').addClass('show');$(this).closest('form').submit();" id="frm-productFilter-brandConstraintForm-value-3282" value="3282" aria-label="!Bachata (1)">
                            <label for="frm-productFilter-brandConstraintForm-value-3282">Bachata (1)</label>
                        </div>


                                                         <div class="form-row" style="display: none;">
                            <input type="checkbox" name="value[]" onchange=" $('.filter-ajax-waiting').addClass('show');$(this).closest('form').submit();" id="frm-productFilter-brandConstraintForm-value-1731" value="1731" aria-label="!Bailey's (1)">
                            <label for="frm-productFilter-brandConstraintForm-value-1731">Bailey's (1)</label>
                        </div>


                                                         <div class="form-row" style="display: none;">
                            <input type="checkbox" name="value[]" onchange=" $('.filter-ajax-waiting').addClass('show');$(this).closest('form').submit();" id="frm-productFilter-brandConstraintForm-value-571" value="571" aria-label="!Baileys (2)">
                            <label for="frm-productFilter-brandConstraintForm-value-571">Baileys (2)</label>
                        </div>


                                                         <div class="form-row" style="display: none;">
                            <input type="checkbox" name="value[]" onchange=" $('.filter-ajax-waiting').addClass('show');$(this).closest('form').submit();" id="frm-productFilter-brandConstraintForm-value-2397" value="2397" aria-label="!Balada (1)">
                            <label for="frm-productFilter-brandConstraintForm-value-2397">Balada (1)</label>
                        </div>


                                                         <div class="form-row" style="display: none;">
                            <input type="checkbox" name="value[]" onchange=" $('.filter-ajax-waiting').addClass('show');$(this).closest('form').submit();" id="frm-productFilter-brandConstraintForm-value-528" value="528" aria-label="!Ballantine's (4)">
                            <label for="frm-productFilter-brandConstraintForm-value-528">Ballantine's (4)</label>
                        </div>


                                                         <div class="form-row" style="display: none;">
                            <input type="checkbox" name="value[]" onchange=" $('.filter-ajax-waiting').addClass('show');$(this).closest('form').submit();" id="frm-productFilter-brandConstraintForm-value-2968" value="2968" aria-label="!Ballantine´s  (1)">
                            <label for="frm-productFilter-brandConstraintForm-value-2968">Ballantine´s  (1)</label>
                        </div>


                                                         <div class="form-row" style="display: none;">
                            <input type="checkbox" name="value[]" onchange=" $('.filter-ajax-waiting').addClass('show');$(this).closest('form').submit();" id="frm-productFilter-brandConstraintForm-value-2399" value="2399" aria-label="!Barbera (2)">
                            <label for="frm-productFilter-brandConstraintForm-value-2399">Barbera (2)</label>
                        </div>


                                                         <div class="form-row" style="display: none;">
                            <input type="checkbox" name="value[]" onchange=" $('.filter-ajax-waiting').addClass('show');$(this).closest('form').submit();" id="frm-productFilter-brandConstraintForm-value-3321" value="3321" aria-label="!Baron Philippe de Rothschild (16)">
                            <label for="frm-productFilter-brandConstraintForm-value-3321">Baron Philippe de Rothschild (16)</label>
                        </div>


                                                         <div class="form-row" style="display: none;">
                            <input type="checkbox" name="value[]" onchange=" $('.filter-ajax-waiting').addClass('show');$(this).closest('form').submit();" id="frm-productFilter-brandConstraintForm-value-2307" value="2307" aria-label="!Baron de Lestac (1)">
                            <label for="frm-productFilter-brandConstraintForm-value-2307">Baron de Lestac (1)</label>
                        </div>


                                                         <div class="form-row" style="display: none;">
                            <input type="checkbox" name="value[]" onchange=" $('.filter-ajax-waiting').addClass('show');$(this).closest('form').submit();" id="frm-productFilter-brandConstraintForm-value-1315" value="1315" aria-label="!Bartida (3)">
                            <label for="frm-productFilter-brandConstraintForm-value-1315">Bartida (3)</label>
                        </div>


                                                         <div class="form-row" style="display: none;">
                            <input type="checkbox" name="value[]" onchange=" $('.filter-ajax-waiting').addClass('show');$(this).closest('form').submit();" id="frm-productFilter-brandConstraintForm-value-2741" value="2741" aria-label="!Bayreuther (3)">
                            <label for="frm-productFilter-brandConstraintForm-value-2741">Bayreuther (3)</label>
                        </div>


                                                         <div class="form-row" style="display: none;">
                            <input type="checkbox" name="value[]" onchange=" $('.filter-ajax-waiting').addClass('show');$(this).closest('form').submit();" id="frm-productFilter-brandConstraintForm-value-2185" value="2185" aria-label="!Baťkovy sirupy (11)">
                            <label for="frm-productFilter-brandConstraintForm-value-2185">Baťkovy sirupy (11)</label>
                        </div>


                                                         <div class="form-row" style="display: none;">
                            <input type="checkbox" name="value[]" onchange=" $('.filter-ajax-waiting').addClass('show');$(this).closest('form').submit();" id="frm-productFilter-brandConstraintForm-value-2894" value="2894" aria-label="!Bear Beer (5)">
                            <label for="frm-productFilter-brandConstraintForm-value-2894">Bear Beer (5)</label>
                        </div>


                                                         <div class="form-row" style="display: none;">
                            <input type="checkbox" name="value[]" onchange=" $('.filter-ajax-waiting').addClass('show');$(this).closest('form').submit();" id="frm-productFilter-brandConstraintForm-value-560" value="560" aria-label="!Becherovka (9)">
                            <label for="frm-productFilter-brandConstraintForm-value-560">Becherovka (9)</label>
                        </div>


                                                         <div class="form-row" style="display: none;">
                            <input type="checkbox" name="value[]" onchange=" $('.filter-ajax-waiting').addClass('show');$(this).closest('form').submit();" id="frm-productFilter-brandConstraintForm-value-500" value="500" aria-label="!Beefeater (3)">
                            <label for="frm-productFilter-brandConstraintForm-value-500">Beefeater (3)</label>
                        </div>


                                                         <div class="form-row" style="display: none;">
                            <input type="checkbox" name="value[]" onchange=" $('.filter-ajax-waiting').addClass('show');$(this).closest('form').submit();" id="frm-productFilter-brandConstraintForm-value-3439" value="3439" aria-label="!Bellini (1)">
                            <label for="frm-productFilter-brandConstraintForm-value-3439">Bellini (1)</label>
                        </div>


                                                         <div class="form-row" style="display: none;">
                            <input type="checkbox" name="value[]" onchange=" $('.filter-ajax-waiting').addClass('show');$(this).closest('form').submit();" id="frm-productFilter-brandConstraintForm-value-2920" value="2920" aria-label="!Beluga (1)">
                            <label for="frm-productFilter-brandConstraintForm-value-2920">Beluga (1)</label>
                        </div>


                                                         <div class="form-row" style="display: none;">
                            <input type="checkbox" name="value[]" onchange=" $('.filter-ajax-waiting').addClass('show');$(this).closest('form').submit();" id="frm-productFilter-brandConstraintForm-value-3015" value="3015" aria-label="!Beneta (14)">
                            <label for="frm-productFilter-brandConstraintForm-value-3015">Beneta (14)</label>
                        </div>


                                                         <div class="form-row" style="display: none;">
                            <input type="checkbox" name="value[]" onchange=" $('.filter-ajax-waiting').addClass('show');$(this).closest('form').submit();" id="frm-productFilter-brandConstraintForm-value-572" value="572" aria-label="!Berentzen (8)">
                            <label for="frm-productFilter-brandConstraintForm-value-572">Berentzen (8)</label>
                        </div>


                                                         <div class="form-row" style="display: none;">
                            <input type="checkbox" name="value[]" onchange=" $('.filter-ajax-waiting').addClass('show');$(this).closest('form').submit();" id="frm-productFilter-brandConstraintForm-value-433" value="433" aria-label="!Bernard (15)">
                            <label for="frm-productFilter-brandConstraintForm-value-433">Bernard (15)</label>
                        </div>


                                                         <div class="form-row" style="display: none;">
                            <input type="checkbox" name="value[]" onchange=" $('.filter-ajax-waiting').addClass('show');$(this).closest('form').submit();" id="frm-productFilter-brandConstraintForm-value-99" value="99" aria-label="!Beskyd (7)">
                            <label for="frm-productFilter-brandConstraintForm-value-99">Beskyd (7)</label>
                        </div>


                            <div class="form-row">
                            <input type="checkbox" name="value[]" onchange=" $('.filter-ajax-waiting').addClass('show');$(this).closest('form').submit();" id="frm-productFilter-brandConstraintForm-value-87" value="87" aria-label="!Bez značky (207)">
                            <label for="frm-productFilter-brandConstraintForm-value-87">Bez značky (207)</label>
                        </div>


                                                         <div class="form-row" style="display: none;">
                            <input type="checkbox" name="value[]" onchange=" $('.filter-ajax-waiting').addClass('show');$(this).closest('form').submit();" id="frm-productFilter-brandConstraintForm-value-203" value="203" aria-label="!Big Shock! (14)">
                            <label for="frm-productFilter-brandConstraintForm-value-203">Big Shock! (14)</label>
                        </div>


                                                         <div class="form-row" style="display: none;">
                            <input type="checkbox" name="value[]" onchange=" $('.filter-ajax-waiting').addClass('show');$(this).closest('form').submit();" id="frm-productFilter-brandConstraintForm-value-1607" value="1607" aria-label="!Biogena (8)">
                            <label for="frm-productFilter-brandConstraintForm-value-1607">Biogena (8)</label>
                        </div>


                                                         <div class="form-row" style="display: none;">
                            <input type="checkbox" name="value[]" onchange=" $('.filter-ajax-waiting').addClass('show');$(this).closest('form').submit();" id="frm-productFilter-brandConstraintForm-value-940" value="940" aria-label="!Biolinie (2)">
                            <label for="frm-productFilter-brandConstraintForm-value-940">Biolinie (2)</label>
                        </div>


                                                         <div class="form-row" style="display: none;">
                            <input type="checkbox" name="value[]" onchange=" $('.filter-ajax-waiting').addClass('show');$(this).closest('form').submit();" id="frm-productFilter-brandConstraintForm-value-434" value="434" aria-label="!Birell (15)">
                            <label for="frm-productFilter-brandConstraintForm-value-434">Birell (15)</label>
                        </div>


                                                         <div class="form-row" style="display: none;">
                            <input type="checkbox" name="value[]" onchange=" $('.filter-ajax-waiting').addClass('show');$(this).closest('form').submit();" id="frm-productFilter-brandConstraintForm-value-2827" value="2827" aria-label="!Blasercafé (7)">
                            <label for="frm-productFilter-brandConstraintForm-value-2827">Blasercafé (7)</label>
                        </div>


                                                         <div class="form-row" style="display: none;">
                            <input type="checkbox" name="value[]" onchange=" $('.filter-ajax-waiting').addClass('show');$(this).closest('form').submit();" id="frm-productFilter-brandConstraintForm-value-2775" value="2775" aria-label="!Blend 42 (3)">
                            <label for="frm-productFilter-brandConstraintForm-value-2775">Blend 42 (3)</label>
                        </div>


                                                         <div class="form-row" style="display: none;">
                            <input type="checkbox" name="value[]" onchange=" $('.filter-ajax-waiting').addClass('show');$(this).closest('form').submit();" id="frm-productFilter-brandConstraintForm-value-2751" value="2751" aria-label="!Boccantino (2)">
                            <label for="frm-productFilter-brandConstraintForm-value-2751">Boccantino (2)</label>
                        </div>


                                                         <div class="form-row" style="display: none;">
                            <input type="checkbox" name="value[]" onchange=" $('.filter-ajax-waiting').addClass('show');$(this).closest('form').submit();" id="frm-productFilter-brandConstraintForm-value-3568" value="3568" aria-label="!Bodegas Eguren (1)">
                            <label for="frm-productFilter-brandConstraintForm-value-3568">Bodegas Eguren (1)</label>
                        </div>


                                                         <div class="form-row" style="display: none;">
                            <input type="checkbox" name="value[]" onchange=" $('.filter-ajax-waiting').addClass('show');$(this).closest('form').submit();" id="frm-productFilter-brandConstraintForm-value-485" value="485" aria-label="!Bohemia Sekt (25)">
                            <label for="frm-productFilter-brandConstraintForm-value-485">Bohemia Sekt (25)</label>
                        </div>


                                                         <div class="form-row" style="display: none;">
                            <input type="checkbox" name="value[]" onchange=" $('.filter-ajax-waiting').addClass('show');$(this).closest('form').submit();" id="frm-productFilter-brandConstraintForm-value-2991" value="2991" aria-label="!Bohemsca (4)">
                            <label for="frm-productFilter-brandConstraintForm-value-2991">Bohemsca (4)</label>
                        </div>


                                                         <div class="form-row" style="display: none;">
                            <input type="checkbox" name="value[]" onchange=" $('.filter-ajax-waiting').addClass('show');$(this).closest('form').submit();" id="frm-productFilter-brandConstraintForm-value-501" value="501" aria-label="!Bombay Sapphire (1)">
                            <label for="frm-productFilter-brandConstraintForm-value-501">Bombay Sapphire (1)</label>
                        </div>


                                                         <div class="form-row" style="display: none;">
                            <input type="checkbox" name="value[]" onchange=" $('.filter-ajax-waiting').addClass('show');$(this).closest('form').submit();" id="frm-productFilter-brandConstraintForm-value-404" value="404" aria-label="!Bonaqua (8)">
                            <label for="frm-productFilter-brandConstraintForm-value-404">Bonaqua (8)</label>
                        </div>


                                                         <div class="form-row" style="display: none;">
                            <input type="checkbox" name="value[]" onchange=" $('.filter-ajax-waiting').addClass('show');$(this).closest('form').submit();" id="frm-productFilter-brandConstraintForm-value-555" value="555" aria-label="!Boris Jelzin (3)">
                            <label for="frm-productFilter-brandConstraintForm-value-555">Boris Jelzin (3)</label>
                        </div>


                                                         <div class="form-row" style="display: none;">
                            <input type="checkbox" name="value[]" onchange=" $('.filter-ajax-waiting').addClass('show');$(this).closest('form').submit();" id="frm-productFilter-brandConstraintForm-value-3487" value="3487" aria-label="!Bousov (1)">
                            <label for="frm-productFilter-brandConstraintForm-value-3487">Bousov (1)</label>
                        </div>


                                                         <div class="form-row" style="display: none;">
                            <input type="checkbox" name="value[]" onchange=" $('.filter-ajax-waiting').addClass('show');$(this).closest('form').submit();" id="frm-productFilter-brandConstraintForm-value-514" value="514" aria-label="!Božkov (25)">
                            <label for="frm-productFilter-brandConstraintForm-value-514">Božkov (25)</label>
                        </div>


                                                         <div class="form-row" style="display: none;">
                            <input type="checkbox" name="value[]" onchange=" $('.filter-ajax-waiting').addClass('show');$(this).closest('form').submit();" id="frm-productFilter-brandConstraintForm-value-440" value="440" aria-label="!Braník (5)">
                            <label for="frm-productFilter-brandConstraintForm-value-440">Braník (5)</label>
                        </div>


                                                         <div class="form-row" style="display: none;">
                            <input type="checkbox" name="value[]" onchange=" $('.filter-ajax-waiting').addClass('show');$(this).closest('form').submit();" id="frm-productFilter-brandConstraintForm-value-2287" value="2287" aria-label="!Brise de France (10)">
                            <label for="frm-productFilter-brandConstraintForm-value-2287">Brise de France (10)</label>
                        </div>


                                                         <div class="form-row" style="display: none;">
                            <input type="checkbox" name="value[]" onchange=" $('.filter-ajax-waiting').addClass('show');$(this).closest('form').submit();" id="frm-productFilter-brandConstraintForm-value-3429" value="3429" aria-label="!Bristot (3)">
                            <label for="frm-productFilter-brandConstraintForm-value-3429">Bristot (3)</label>
                        </div>


                                                         <div class="form-row" style="display: none;">
                            <input type="checkbox" name="value[]" onchange=" $('.filter-ajax-waiting').addClass('show');$(this).closest('form').submit();" id="frm-productFilter-brandConstraintForm-value-1069" value="1069" aria-label="!Budweiser Budvar (19)">
                            <label for="frm-productFilter-brandConstraintForm-value-1069">Budweiser Budvar (19)</label>
                        </div>


                                                         <div class="form-row" style="display: none;">
                            <input type="checkbox" name="value[]" onchange=" $('.filter-ajax-waiting').addClass('show');$(this).closest('form').submit();" id="frm-productFilter-brandConstraintForm-value-1702" value="1702" aria-label="!Budějovický Budvar (1)">
                            <label for="frm-productFilter-brandConstraintForm-value-1702">Budějovický Budvar (1)</label>
                        </div>


                                                         <div class="form-row" style="display: none;">
                            <input type="checkbox" name="value[]" onchange=" $('.filter-ajax-waiting').addClass('show');$(this).closest('form').submit();" id="frm-productFilter-brandConstraintForm-value-2612" value="2612" aria-label="!Burn (1)">
                            <label for="frm-productFilter-brandConstraintForm-value-2612">Burn (1)</label>
                        </div>


                                                         <div class="form-row" style="display: none;">
                            <input type="checkbox" name="value[]" onchange=" $('.filter-ajax-waiting').addClass('show');$(this).closest('form').submit();" id="frm-productFilter-brandConstraintForm-value-529" value="529" aria-label="!Bushmills (1)">
                            <label for="frm-productFilter-brandConstraintForm-value-529">Bushmills (1)</label>
                        </div>


                                                         <div class="form-row" style="display: none;">
                            <input type="checkbox" name="value[]" onchange=" $('.filter-ajax-waiting').addClass('show');$(this).closest('form').submit();" id="frm-productFilter-brandConstraintForm-value-1449" value="1449" aria-label="!Bílinská Kyselka (2)">
                            <label for="frm-productFilter-brandConstraintForm-value-1449">Bílinská Kyselka (2)</label>
                        </div>


                                                         <div class="form-row" style="display: none;">
                            <input type="checkbox" name="value[]" onchange=" $('.filter-ajax-waiting').addClass('show');$(this).closest('form').submit();" id="frm-productFilter-brandConstraintForm-value-441" value="441" aria-label="!Březňák (5)">
                            <label for="frm-productFilter-brandConstraintForm-value-441">Březňák (5)</label>
                        </div>


                                                         <div class="form-row" style="display: none;">
                            <input type="checkbox" name="value[]" onchange=" $('.filter-ajax-waiting').addClass('show');$(this).closest('form').submit();" id="frm-productFilter-brandConstraintForm-value-3490" value="3490" aria-label="!Café Intención (1)">
                            <label for="frm-productFilter-brandConstraintForm-value-3490">Café Intención (1)</label>
                        </div>


                                                         <div class="form-row" style="display: none;">
                            <input type="checkbox" name="value[]" onchange=" $('.filter-ajax-waiting').addClass('show');$(this).closest('form').submit();" id="frm-productFilter-brandConstraintForm-value-3381" value="3381" aria-label="!Café Majada (7)">
                            <label for="frm-productFilter-brandConstraintForm-value-3381">Café Majada (7)</label>
                        </div>


                                                         <div class="form-row" style="display: none;">
                            <input type="checkbox" name="value[]" onchange=" $('.filter-ajax-waiting').addClass('show');$(this).closest('form').submit();" id="frm-productFilter-brandConstraintForm-value-2877" value="2877" aria-label="!Cafédirect (29)">
                            <label for="frm-productFilter-brandConstraintForm-value-2877">Cafédirect (29)</label>
                        </div>


                                                         <div class="form-row" style="display: none;">
                            <input type="checkbox" name="value[]" onchange=" $('.filter-ajax-waiting').addClass('show');$(this).closest('form').submit();" id="frm-productFilter-brandConstraintForm-value-2879" value="2879" aria-label="!Camellus (7)">
                            <label for="frm-productFilter-brandConstraintForm-value-2879">Camellus (7)</label>
                        </div>


                                                         <div class="form-row" style="display: none;">
                            <input type="checkbox" name="value[]" onchange=" $('.filter-ajax-waiting').addClass('show');$(this).closest('form').submit();" id="frm-productFilter-brandConstraintForm-value-561" value="561" aria-label="!Campari (2)">
                            <label for="frm-productFilter-brandConstraintForm-value-561">Campari (2)</label>
                        </div>


                                                         <div class="form-row" style="display: none;">
                            <input type="checkbox" name="value[]" onchange=" $('.filter-ajax-waiting').addClass('show');$(this).closest('form').submit();" id="frm-productFilter-brandConstraintForm-value-3492" value="3492" aria-label="!Campo Viejo (1)">
                            <label for="frm-productFilter-brandConstraintForm-value-3492">Campo Viejo (1)</label>
                        </div>


                                                         <div class="form-row" style="display: none;">
                            <input type="checkbox" name="value[]" onchange=" $('.filter-ajax-waiting').addClass('show');$(this).closest('form').submit();" id="frm-productFilter-brandConstraintForm-value-2446" value="2446" aria-label="!Campo de Chile (6)">
                            <label for="frm-productFilter-brandConstraintForm-value-2446">Campo de Chile (6)</label>
                        </div>


                                                         <div class="form-row" style="display: none;">
                            <input type="checkbox" name="value[]" onchange=" $('.filter-ajax-waiting').addClass('show');$(this).closest('form').submit();" id="frm-productFilter-brandConstraintForm-value-2641" value="2641" aria-label="!Camus (2)">
                            <label for="frm-productFilter-brandConstraintForm-value-2641">Camus (2)</label>
                        </div>


                                                         <div class="form-row" style="display: none;">
                            <input type="checkbox" name="value[]" onchange=" $('.filter-ajax-waiting').addClass('show');$(this).closest('form').submit();" id="frm-productFilter-brandConstraintForm-value-3300" value="3300" aria-label="!CanO Water (1)">
                            <label for="frm-productFilter-brandConstraintForm-value-3300">CanO Water (1)</label>
                        </div>


                                                         <div class="form-row" style="display: none;">
                            <input type="checkbox" name="value[]" onchange=" $('.filter-ajax-waiting').addClass('show');$(this).closest('form').submit();" id="frm-productFilter-brandConstraintForm-value-1086" value="1086" aria-label="!Capitan Bucanero (4)">
                            <label for="frm-productFilter-brandConstraintForm-value-1086">Capitan Bucanero (4)</label>
                        </div>


                                                         <div class="form-row" style="display: none;">
                            <input type="checkbox" name="value[]" onchange=" $('.filter-ajax-waiting').addClass('show');$(this).closest('form').submit();" id="frm-productFilter-brandConstraintForm-value-381" value="381" aria-label="!Cappy (23)">
                            <label for="frm-productFilter-brandConstraintForm-value-381">Cappy (23)</label>
                        </div>


                                                         <div class="form-row" style="display: none;">
                            <input type="checkbox" name="value[]" onchange=" $('.filter-ajax-waiting').addClass('show');$(this).closest('form').submit();" id="frm-productFilter-brandConstraintForm-value-2954" value="2954" aria-label="!Capri Sun (2)">
                            <label for="frm-productFilter-brandConstraintForm-value-2954">Capri Sun (2)</label>
                        </div>


                                                         <div class="form-row" style="display: none;">
                            <input type="checkbox" name="value[]" onchange=" $('.filter-ajax-waiting').addClass('show');$(this).closest('form').submit();" id="frm-productFilter-brandConstraintForm-value-391" value="391" aria-label="!Capri-Sonne (7)">
                            <label for="frm-productFilter-brandConstraintForm-value-391">Capri-Sonne (7)</label>
                        </div>


                                                         <div class="form-row" style="display: none;">
                            <input type="checkbox" name="value[]" onchange=" $('.filter-ajax-waiting').addClass('show');$(this).closest('form').submit();" id="frm-productFilter-brandConstraintForm-value-388" value="388" aria-label="!Caprio (8)">
                            <label for="frm-productFilter-brandConstraintForm-value-388">Caprio (8)</label>
                        </div>


                                                         <div class="form-row" style="display: none;">
                            <input type="checkbox" name="value[]" onchange=" $('.filter-ajax-waiting').addClass('show');$(this).closest('form').submit();" id="frm-productFilter-brandConstraintForm-value-1088" value="1088" aria-label="!Captain Morgan (6)">
                            <label for="frm-productFilter-brandConstraintForm-value-1088">Captain Morgan (6)</label>
                        </div>


                                                         <div class="form-row" style="display: none;">
                            <input type="checkbox" name="value[]" onchange=" $('.filter-ajax-waiting').addClass('show');$(this).closest('form').submit();" id="frm-productFilter-brandConstraintForm-value-2617" value="2617" aria-label="!Captain Silver (1)">
                            <label for="frm-productFilter-brandConstraintForm-value-2617">Captain Silver (1)</label>
                        </div>


                                                         <div class="form-row" style="display: none;">
                            <input type="checkbox" name="value[]" onchange=" $('.filter-ajax-waiting').addClass('show');$(this).closest('form').submit();" id="frm-productFilter-brandConstraintForm-value-2891" value="2891" aria-label="!Caribia (1)">
                            <label for="frm-productFilter-brandConstraintForm-value-2891">Caribia (1)</label>
                        </div>


                                                         <div class="form-row" style="display: none;">
                            <input type="checkbox" name="value[]" onchange=" $('.filter-ajax-waiting').addClass('show');$(this).closest('form').submit();" id="frm-productFilter-brandConstraintForm-value-1541" value="1541" aria-label="!Carling (2)">
                            <label for="frm-productFilter-brandConstraintForm-value-1541">Carling (2)</label>
                        </div>


                                                         <div class="form-row" style="display: none;">
                            <input type="checkbox" name="value[]" onchange=" $('.filter-ajax-waiting').addClass('show');$(this).closest('form').submit();" id="frm-productFilter-brandConstraintForm-value-3045" value="3045" aria-label="!Carlsberg (3)">
                            <label for="frm-productFilter-brandConstraintForm-value-3045">Carlsberg (3)</label>
                        </div>


                                                         <div class="form-row" style="display: none;">
                            <input type="checkbox" name="value[]" onchange=" $('.filter-ajax-waiting').addClass('show');$(this).closest('form').submit();" id="frm-productFilter-brandConstraintForm-value-378" value="378" aria-label="!Caro (2)">
                            <label for="frm-productFilter-brandConstraintForm-value-378">Caro (2)</label>
                        </div>


                                                         <div class="form-row" style="display: none;">
                            <input type="checkbox" name="value[]" onchange=" $('.filter-ajax-waiting').addClass('show');$(this).closest('form').submit();" id="frm-productFilter-brandConstraintForm-value-573" value="573" aria-label="!Carolans (1)">
                            <label for="frm-productFilter-brandConstraintForm-value-573">Carolans (1)</label>
                        </div>


                                                         <div class="form-row" style="display: none;">
                            <input type="checkbox" name="value[]" onchange=" $('.filter-ajax-waiting').addClass('show');$(this).closest('form').submit();" id="frm-productFilter-brandConstraintForm-value-2844" value="2844" aria-label="!Carskoe (4)">
                            <label for="frm-productFilter-brandConstraintForm-value-2844">Carskoe (4)</label>
                        </div>


                                                         <div class="form-row" style="display: none;">
                            <input type="checkbox" name="value[]" onchange=" $('.filter-ajax-waiting').addClass('show');$(this).closest('form').submit();" id="frm-productFilter-brandConstraintForm-value-2481" value="2481" aria-label="!Castellino (1)">
                            <label for="frm-productFilter-brandConstraintForm-value-2481">Castellino (1)</label>
                        </div>


                                                         <div class="form-row" style="display: none;">
                            <input type="checkbox" name="value[]" onchange=" $('.filter-ajax-waiting').addClass('show');$(this).closest('form').submit();" id="frm-productFilter-brandConstraintForm-value-2707" value="2707" aria-label="!Cavatina (1)">
                            <label for="frm-productFilter-brandConstraintForm-value-2707">Cavatina (1)</label>
                        </div>


                                                         <div class="form-row" style="display: none;">
                            <input type="checkbox" name="value[]" onchange=" $('.filter-ajax-waiting').addClass('show');$(this).closest('form').submit();" id="frm-productFilter-brandConstraintForm-value-3564" value="3564" aria-label="!Chambord (1)">
                            <label for="frm-productFilter-brandConstraintForm-value-3564">Chambord (1)</label>
                        </div>


                                                         <div class="form-row" style="display: none;">
                            <input type="checkbox" name="value[]" onchange=" $('.filter-ajax-waiting').addClass('show');$(this).closest('form').submit();" id="frm-productFilter-brandConstraintForm-value-2509" value="2509" aria-label="!Chaokoh (1)">
                            <label for="frm-productFilter-brandConstraintForm-value-2509">Chaokoh (1)</label>
                        </div>


                                                         <div class="form-row" style="display: none;">
                            <input type="checkbox" name="value[]" onchange=" $('.filter-ajax-waiting').addClass('show');$(this).closest('form').submit();" id="frm-productFilter-brandConstraintForm-value-2306" value="2306" aria-label="!Chateau (8)">
                            <label for="frm-productFilter-brandConstraintForm-value-2306">Chateau (8)</label>
                        </div>


                                                         <div class="form-row" style="display: none;">
                            <input type="checkbox" name="value[]" onchange=" $('.filter-ajax-waiting').addClass('show');$(this).closest('form').submit();" id="frm-productFilter-brandConstraintForm-value-462" value="462" aria-label="!Chateau Bzenec (8)">
                            <label for="frm-productFilter-brandConstraintForm-value-462">Chateau Bzenec (8)</label>
                        </div>


                                                         <div class="form-row" style="display: none;">
                            <input type="checkbox" name="value[]" onchange=" $('.filter-ajax-waiting').addClass('show');$(this).closest('form').submit();" id="frm-productFilter-brandConstraintForm-value-2376" value="2376" aria-label="!Chatte (1)">
                            <label for="frm-productFilter-brandConstraintForm-value-2376">Chatte (1)</label>
                        </div>


                                                         <div class="form-row" style="display: none;">
                            <input type="checkbox" name="value[]" onchange=" $('.filter-ajax-waiting').addClass('show');$(this).closest('form').submit();" id="frm-productFilter-brandConstraintForm-value-3315" value="3315" aria-label="!Chiantigiane (1)">
                            <label for="frm-productFilter-brandConstraintForm-value-3315">Chiantigiane (1)</label>
                        </div>


                                                         <div class="form-row" style="display: none;">
                            <input type="checkbox" name="value[]" onchange=" $('.filter-ajax-waiting').addClass('show');$(this).closest('form').submit();" id="frm-productFilter-brandConstraintForm-value-530" value="530" aria-label="!Chivas Regal (5)">
                            <label for="frm-productFilter-brandConstraintForm-value-530">Chivas Regal (5)</label>
                        </div>


                                                         <div class="form-row" style="display: none;">
                            <input type="checkbox" name="value[]" onchange=" $('.filter-ajax-waiting').addClass('show');$(this).closest('form').submit();" id="frm-productFilter-brandConstraintForm-value-464" value="464" aria-label="!Château Valtice (5)">
                            <label for="frm-productFilter-brandConstraintForm-value-464">Château Valtice (5)</label>
                        </div>


                                                         <div class="form-row" style="display: none;">
                            <input type="checkbox" name="value[]" onchange=" $('.filter-ajax-waiting').addClass('show');$(this).closest('form').submit();" id="frm-productFilter-brandConstraintForm-value-3575" value="3575" aria-label="!Cider Magnetic Apple (10)">
                            <label for="frm-productFilter-brandConstraintForm-value-3575">Cider Magnetic Apple (10)</label>
                        </div>


                                                         <div class="form-row" style="display: none;">
                            <input type="checkbox" name="value[]" onchange=" $('.filter-ajax-waiting').addClass('show');$(this).closest('form').submit();" id="frm-productFilter-brandConstraintForm-value-474" value="474" aria-label="!Cielo (6)">
                            <label for="frm-productFilter-brandConstraintForm-value-474">Cielo (6)</label>
                        </div>


                                                         <div class="form-row" style="display: none;">
                            <input type="checkbox" name="value[]" onchange=" $('.filter-ajax-waiting').addClass('show');$(this).closest('form').submit();" id="frm-productFilter-brandConstraintForm-value-3493" value="3493" aria-label="!Cielo e Terra (1)">
                            <label for="frm-productFilter-brandConstraintForm-value-3493">Cielo e Terra (1)</label>
                        </div>


                                                         <div class="form-row" style="display: none;">
                            <input type="checkbox" name="value[]" onchange=" $('.filter-ajax-waiting').addClass('show');$(this).closest('form').submit();" id="frm-productFilter-brandConstraintForm-value-491" value="491" aria-label="!Cinzano (5)">
                            <label for="frm-productFilter-brandConstraintForm-value-491">Cinzano (5)</label>
                        </div>


                                                         <div class="form-row" style="display: none;">
                            <input type="checkbox" name="value[]" onchange=" $('.filter-ajax-waiting').addClass('show');$(this).closest('form').submit();" id="frm-productFilter-brandConstraintForm-value-635" value="635" aria-label="!Clausthaler (1)">
                            <label for="frm-productFilter-brandConstraintForm-value-635">Clausthaler (1)</label>
                        </div>


                                                         <div class="form-row" style="display: none;">
                            <input type="checkbox" name="value[]" onchange=" $('.filter-ajax-waiting').addClass('show');$(this).closest('form').submit();" id="frm-productFilter-brandConstraintForm-value-408" value="408" aria-label="!Coca-Cola (23)">
                            <label for="frm-productFilter-brandConstraintForm-value-408">Coca-Cola (23)</label>
                        </div>


                                                         <div class="form-row" style="display: none;">
                            <input type="checkbox" name="value[]" onchange=" $('.filter-ajax-waiting').addClass('show');$(this).closest('form').submit();" id="frm-productFilter-brandConstraintForm-value-2726" value="2726" aria-label="!Cocoxim (2)">
                            <label for="frm-productFilter-brandConstraintForm-value-2726">Cocoxim (2)</label>
                        </div>


                                                         <div class="form-row" style="display: none;">
                            <input type="checkbox" name="value[]" onchange=" $('.filter-ajax-waiting').addClass('show');$(this).closest('form').submit();" id="frm-productFilter-brandConstraintForm-value-1621" value="1621" aria-label="!Cola cao (1)">
                            <label for="frm-productFilter-brandConstraintForm-value-1621">Cola cao (1)</label>
                        </div>


                                                         <div class="form-row" style="display: none;">
                            <input type="checkbox" name="value[]" onchange=" $('.filter-ajax-waiting').addClass('show');$(this).closest('form').submit();" id="frm-productFilter-brandConstraintForm-value-3569" value="3569" aria-label="!Condado de Eguren (1)">
                            <label for="frm-productFilter-brandConstraintForm-value-3569">Condado de Eguren (1)</label>
                        </div>


                                                         <div class="form-row" style="display: none;">
                            <input type="checkbox" name="value[]" onchange=" $('.filter-ajax-waiting').addClass('show');$(this).closest('form').submit();" id="frm-productFilter-brandConstraintForm-value-3305" value="3305" aria-label="!Cono Sur (7)">
                            <label for="frm-productFilter-brandConstraintForm-value-3305">Cono Sur (7)</label>
                        </div>


                                                         <div class="form-row" style="display: none;">
                            <input type="checkbox" name="value[]" onchange=" $('.filter-ajax-waiting').addClass('show');$(this).closest('form').submit();" id="frm-productFilter-brandConstraintForm-value-3079" value="3079" aria-label="!Copperhead (1)">
                            <label for="frm-productFilter-brandConstraintForm-value-3079">Copperhead (1)</label>
                        </div>


                                                         <div class="form-row" style="display: none;">
                            <input type="checkbox" name="value[]" onchange=" $('.filter-ajax-waiting').addClass('show');$(this).closest('form').submit();" id="frm-productFilter-brandConstraintForm-value-456" value="456" aria-label="!Corona (1)">
                            <label for="frm-productFilter-brandConstraintForm-value-456">Corona (1)</label>
                        </div>


                                                         <div class="form-row" style="display: none;">
                            <input type="checkbox" name="value[]" onchange=" $('.filter-ajax-waiting').addClass('show');$(this).closest('form').submit();" id="frm-productFilter-brandConstraintForm-value-3055" value="3055" aria-label="!Corsini (6)">
                            <label for="frm-productFilter-brandConstraintForm-value-3055">Corsini (6)</label>
                        </div>


                                                         <div class="form-row" style="display: none;">
                            <input type="checkbox" name="value[]" onchange=" $('.filter-ajax-waiting').addClass('show');$(this).closest('form').submit();" id="frm-productFilter-brandConstraintForm-value-495" value="495" aria-label="!Courvoisier (3)">
                            <label for="frm-productFilter-brandConstraintForm-value-495">Courvoisier (3)</label>
                        </div>


                                                         <div class="form-row" style="display: none;">
                            <input type="checkbox" name="value[]" onchange=" $('.filter-ajax-waiting').addClass('show');$(this).closest('form').submit();" id="frm-productFilter-brandConstraintForm-value-2890" value="2890" aria-label="!Danfrugt (2)">
                            <label for="frm-productFilter-brandConstraintForm-value-2890">Danfrugt (2)</label>
                        </div>


                                                         <div class="form-row" style="display: none;">
                            <input type="checkbox" name="value[]" onchange=" $('.filter-ajax-waiting').addClass('show');$(this).closest('form').submit();" id="frm-productFilter-brandConstraintForm-value-372" value="372" aria-label="!Davidoff Café (2)">
                            <label for="frm-productFilter-brandConstraintForm-value-372">Davidoff Café (2)</label>
                        </div>


                                                         <div class="form-row" style="display: none;">
                            <input type="checkbox" name="value[]" onchange=" $('.filter-ajax-waiting').addClass('show');$(this).closest('form').submit();" id="frm-productFilter-brandConstraintForm-value-457" value="457" aria-label="!Desperados (3)">
                            <label for="frm-productFilter-brandConstraintForm-value-457">Desperados (3)</label>
                        </div>


                                                         <div class="form-row" style="display: none;">
                            <input type="checkbox" name="value[]" onchange=" $('.filter-ajax-waiting').addClass('show');$(this).closest('form').submit();" id="frm-productFilter-brandConstraintForm-value-927" value="927" aria-label="!Dialine (1)">
                            <label for="frm-productFilter-brandConstraintForm-value-927">Dialine (1)</label>
                        </div>


                                                         <div class="form-row" style="display: none;">
                            <input type="checkbox" name="value[]" onchange=" $('.filter-ajax-waiting').addClass('show');$(this).closest('form').submit();" id="frm-productFilter-brandConstraintForm-value-990" value="990" aria-label="!Dilmah (6)">
                            <label for="frm-productFilter-brandConstraintForm-value-990">Dilmah (6)</label>
                        </div>


                                                         <div class="form-row" style="display: none;">
                            <input type="checkbox" name="value[]" onchange=" $('.filter-ajax-waiting').addClass('show');$(this).closest('form').submit();" id="frm-productFilter-brandConstraintForm-value-2923" value="2923" aria-label="!Diplomático (1)">
                            <label for="frm-productFilter-brandConstraintForm-value-2923">Diplomático (1)</label>
                        </div>


                                                         <div class="form-row" style="display: none;">
                            <input type="checkbox" name="value[]" onchange=" $('.filter-ajax-waiting').addClass('show');$(this).closest('form').submit();" id="frm-productFilter-brandConstraintForm-value-2281" value="2281" aria-label="!Disney (5)">
                            <label for="frm-productFilter-brandConstraintForm-value-2281">Disney (5)</label>
                        </div>


                                                         <div class="form-row" style="display: none;">
                            <input type="checkbox" name="value[]" onchange=" $('.filter-ajax-waiting').addClass('show');$(this).closest('form').submit();" id="frm-productFilter-brandConstraintForm-value-397" value="397" aria-label="!Dobrá voda (36)">
                            <label for="frm-productFilter-brandConstraintForm-value-397">Dobrá voda (36)</label>
                        </div>


                                                         <div class="form-row" style="display: none;">
                            <input type="checkbox" name="value[]" onchange=" $('.filter-ajax-waiting').addClass('show');$(this).closest('form').submit();" id="frm-productFilter-brandConstraintForm-value-3338" value="3338" aria-label="!Domäne Wachau (4)">
                            <label for="frm-productFilter-brandConstraintForm-value-3338">Domäne Wachau (4)</label>
                        </div>


                                                         <div class="form-row" style="display: none;">
                            <input type="checkbox" name="value[]" onchange=" $('.filter-ajax-waiting').addClass('show');$(this).closest('form').submit();" id="frm-productFilter-brandConstraintForm-value-2845" value="2845" aria-label="!Dorato (2)">
                            <label for="frm-productFilter-brandConstraintForm-value-2845">Dorato (2)</label>
                        </div>


                                                         <div class="form-row" style="display: none;">
                            <input type="checkbox" name="value[]" onchange=" $('.filter-ajax-waiting').addClass('show');$(this).closest('form').submit();" id="frm-productFilter-brandConstraintForm-value-369" value="369" aria-label="!Douwe Egberts (5)">
                            <label for="frm-productFilter-brandConstraintForm-value-369">Douwe Egberts (5)</label>
                        </div>


                                                         <div class="form-row" style="display: none;">
                            <input type="checkbox" name="value[]" onchange=" $('.filter-ajax-waiting').addClass('show');$(this).closest('form').submit();" id="frm-productFilter-brandConstraintForm-value-630" value="630" aria-label="!Dr Pepper (5)">
                            <label for="frm-productFilter-brandConstraintForm-value-630">Dr Pepper (5)</label>
                        </div>


                                                         <div class="form-row" style="display: none;">
                            <input type="checkbox" name="value[]" onchange=" $('.filter-ajax-waiting').addClass('show');$(this).closest('form').submit();" id="frm-productFilter-brandConstraintForm-value-502" value="502" aria-label="!Dynybyl (1)">
                            <label for="frm-productFilter-brandConstraintForm-value-502">Dynybyl (1)</label>
                        </div>


                                                         <div class="form-row" style="display: none;">
                            <input type="checkbox" name="value[]" onchange=" $('.filter-ajax-waiting').addClass('show');$(this).closest('form').submit();" id="frm-productFilter-brandConstraintForm-value-678" value="678" aria-label="!Edeka (1)">
                            <label for="frm-productFilter-brandConstraintForm-value-678">Edeka (1)</label>
                        </div>


                                                         <div class="form-row" style="display: none;">
                            <input type="checkbox" name="value[]" onchange=" $('.filter-ajax-waiting').addClass('show');$(this).closest('form').submit();" id="frm-productFilter-brandConstraintForm-value-1587" value="1587" aria-label="!Eden (2)">
                            <label for="frm-productFilter-brandConstraintForm-value-1587">Eden (2)</label>
                        </div>


                                                         <div class="form-row" style="display: none;">
                            <input type="checkbox" name="value[]" onchange=" $('.filter-ajax-waiting').addClass('show');$(this).closest('form').submit();" id="frm-productFilter-brandConstraintForm-value-3022" value="3022" aria-label="!Eilles (2)">
                            <label for="frm-productFilter-brandConstraintForm-value-3022">Eilles (2)</label>
                        </div>


                                                         <div class="form-row" style="display: none;">
                            <input type="checkbox" name="value[]" onchange=" $('.filter-ajax-waiting').addClass('show');$(this).closest('form').submit();" id="frm-productFilter-brandConstraintForm-value-3354" value="3354" aria-label="!El Jimador (4)">
                            <label for="frm-productFilter-brandConstraintForm-value-3354">El Jimador (4)</label>
                        </div>


                                                         <div class="form-row" style="display: none;">
                            <input type="checkbox" name="value[]" onchange=" $('.filter-ajax-waiting').addClass('show');$(this).closest('form').submit();" id="frm-productFilter-brandConstraintForm-value-3180" value="3180" aria-label="!Elegance (6)">
                            <label for="frm-productFilter-brandConstraintForm-value-3180">Elegance (6)</label>
                        </div>


                                                         <div class="form-row" style="display: none;">
                            <input type="checkbox" name="value[]" onchange=" $('.filter-ajax-waiting').addClass('show');$(this).closest('form').submit();" id="frm-productFilter-brandConstraintForm-value-169" value="169" aria-label="!Emco (1)">
                            <label for="frm-productFilter-brandConstraintForm-value-169">Emco (1)</label>
                        </div>


                                                         <div class="form-row" style="display: none;">
                            <input type="checkbox" name="value[]" onchange=" $('.filter-ajax-waiting').addClass('show');$(this).closest('form').submit();" id="frm-productFilter-brandConstraintForm-value-2628" value="2628" aria-label="!Entrecote (1)">
                            <label for="frm-productFilter-brandConstraintForm-value-2628">Entrecote (1)</label>
                        </div>


                                                         <div class="form-row" style="display: none;">
                            <input type="checkbox" name="value[]" onchange=" $('.filter-ajax-waiting').addClass('show');$(this).closest('form').submit();" id="frm-productFilter-brandConstraintForm-value-3394" value="3394" aria-label="!Erebos (2)">
                            <label for="frm-productFilter-brandConstraintForm-value-3394">Erebos (2)</label>
                        </div>


                                                         <div class="form-row" style="display: none;">
                            <input type="checkbox" name="value[]" onchange=" $('.filter-ajax-waiting').addClass('show');$(this).closest('form').submit();" id="frm-productFilter-brandConstraintForm-value-3525" value="3525" aria-label="!Etienne Dumont (1)">
                            <label for="frm-productFilter-brandConstraintForm-value-3525">Etienne Dumont (1)</label>
                        </div>


                                                         <div class="form-row" style="display: none;">
                            <input type="checkbox" name="value[]" onchange=" $('.filter-ajax-waiting').addClass('show');$(this).closest('form').submit();" id="frm-productFilter-brandConstraintForm-value-405" value="405" aria-label="!Evian (3)">
                            <label for="frm-productFilter-brandConstraintForm-value-405">Evian (3)</label>
                        </div>


                                                         <div class="form-row" style="display: none;">
                            <input type="checkbox" name="value[]" onchange=" $('.filter-ajax-waiting').addClass('show');$(this).closest('form').submit();" id="frm-productFilter-brandConstraintForm-value-2167" value="2167" aria-label="!Excelent (5)">
                            <label for="frm-productFilter-brandConstraintForm-value-2167">Excelent (5)</label>
                        </div>


                                                         <div class="form-row" style="display: none;">
                            <input type="checkbox" name="value[]" onchange=" $('.filter-ajax-waiting').addClass('show');$(this).closest('form').submit();" id="frm-productFilter-brandConstraintForm-value-884" value="884" aria-label="!Fakeer (3)">
                            <label for="frm-productFilter-brandConstraintForm-value-884">Fakeer (3)</label>
                        </div>


                                                         <div class="form-row" style="display: none;">
                            <input type="checkbox" name="value[]" onchange=" $('.filter-ajax-waiting').addClass('show');$(this).closest('form').submit();" id="frm-productFilter-brandConstraintForm-value-410" value="410" aria-label="!Fanta (11)">
                            <label for="frm-productFilter-brandConstraintForm-value-410">Fanta (11)</label>
                        </div>


                                                         <div class="form-row" style="display: none;">
                            <input type="checkbox" name="value[]" onchange=" $('.filter-ajax-waiting').addClass('show');$(this).closest('form').submit();" id="frm-productFilter-brandConstraintForm-value-2922" value="2922" aria-label="!Fassbind (2)">
                            <label for="frm-productFilter-brandConstraintForm-value-2922">Fassbind (2)</label>
                        </div>


                                                         <div class="form-row" style="display: none;">
                            <input type="checkbox" name="value[]" onchange=" $('.filter-ajax-waiting').addClass('show');$(this).closest('form').submit();" id="frm-productFilter-brandConstraintForm-value-2786" value="2786" aria-label="!Favraud (4)">
                            <label for="frm-productFilter-brandConstraintForm-value-2786">Favraud (4)</label>
                        </div>


                                                         <div class="form-row" style="display: none;">
                            <input type="checkbox" name="value[]" onchange=" $('.filter-ajax-waiting').addClass('show');$(this).closest('form').submit();" id="frm-productFilter-brandConstraintForm-value-2289" value="2289" aria-label="!Ferdinand (6)">
                            <label for="frm-productFilter-brandConstraintForm-value-2289">Ferdinand (6)</label>
                        </div>


                                                         <div class="form-row" style="display: none;">
                            <input type="checkbox" name="value[]" onchange=" $('.filter-ajax-waiting').addClass('show');$(this).closest('form').submit();" id="frm-productFilter-brandConstraintForm-value-977" value="977" aria-label="!Fernet Stock  (2)">
                            <label for="frm-productFilter-brandConstraintForm-value-977">Fernet Stock  (2)</label>
                        </div>


                                                         <div class="form-row" style="display: none;">
                            <input type="checkbox" name="value[]" onchange=" $('.filter-ajax-waiting').addClass('show');$(this).closest('form').submit();" id="frm-productFilter-brandConstraintForm-value-3570" value="3570" aria-label="!Finca Constancia (2)">
                            <label for="frm-productFilter-brandConstraintForm-value-3570">Finca Constancia (2)</label>
                        </div>


                                                         <div class="form-row" style="display: none;">
                            <input type="checkbox" name="value[]" onchange=" $('.filter-ajax-waiting').addClass('show');$(this).closest('form').submit();" id="frm-productFilter-brandConstraintForm-value-521" value="521" aria-label="!Finlandia (13)">
                            <label for="frm-productFilter-brandConstraintForm-value-521">Finlandia (13)</label>
                        </div>


                                                         <div class="form-row" style="display: none;">
                            <input type="checkbox" name="value[]" onchange=" $('.filter-ajax-waiting').addClass('show');$(this).closest('form').submit();" id="frm-productFilter-brandConstraintForm-value-3066" value="3066" aria-label="!Fiorelli (2)">
                            <label for="frm-productFilter-brandConstraintForm-value-3066">Fiorelli (2)</label>
                        </div>


                                                         <div class="form-row" style="display: none;">
                            <input type="checkbox" name="value[]" onchange=" $('.filter-ajax-waiting').addClass('show');$(this).closest('form').submit();" id="frm-productFilter-brandConstraintForm-value-1822" value="1822" aria-label="!Fleret (10)">
                            <label for="frm-productFilter-brandConstraintForm-value-1822">Fleret (10)</label>
                        </div>


                                                         <div class="form-row" style="display: none;">
                            <input type="checkbox" name="value[]" onchange=" $('.filter-ajax-waiting').addClass('show');$(this).closest('form').submit();" id="frm-productFilter-brandConstraintForm-value-509" value="509" aria-label="!Fleret Trade (2)">
                            <label for="frm-productFilter-brandConstraintForm-value-509">Fleret Trade (2)</label>
                        </div>


                                                         <div class="form-row" style="display: none;">
                            <input type="checkbox" name="value[]" onchange=" $('.filter-ajax-waiting').addClass('show');$(this).closest('form').submit();" id="frm-productFilter-brandConstraintForm-value-2657" value="2657" aria-label="!Flirt Vodka (1)">
                            <label for="frm-productFilter-brandConstraintForm-value-2657">Flirt Vodka (1)</label>
                        </div>


                                                         <div class="form-row" style="display: none;">
                            <input type="checkbox" name="value[]" onchange=" $('.filter-ajax-waiting').addClass('show');$(this).closest('form').submit();" id="frm-productFilter-brandConstraintForm-value-2161" value="2161" aria-label="!Foco (2)">
                            <label for="frm-productFilter-brandConstraintForm-value-2161">Foco (2)</label>
                        </div>


                                                         <div class="form-row" style="display: none;">
                            <input type="checkbox" name="value[]" onchange=" $('.filter-ajax-waiting').addClass('show');$(this).closest('form').submit();" id="frm-productFilter-brandConstraintForm-value-534" value="534" aria-label="!Four Roses (2)">
                            <label for="frm-productFilter-brandConstraintForm-value-534">Four Roses (2)</label>
                        </div>


                                                         <div class="form-row" style="display: none;">
                            <input type="checkbox" name="value[]" onchange=" $('.filter-ajax-waiting').addClass('show');$(this).closest('form').submit();" id="frm-productFilter-brandConstraintForm-value-2278" value="2278" aria-label="!Frankovka (1)">
                            <label for="frm-productFilter-brandConstraintForm-value-2278">Frankovka (1)</label>
                        </div>


                                                         <div class="form-row" style="display: none;">
                            <input type="checkbox" name="value[]" onchange=" $('.filter-ajax-waiting').addClass('show');$(this).closest('form').submit();" id="frm-productFilter-brandConstraintForm-value-3191" value="3191" aria-label="!Freschello (4)">
                            <label for="frm-productFilter-brandConstraintForm-value-3191">Freschello (4)</label>
                        </div>


                                                         <div class="form-row" style="display: none;">
                            <input type="checkbox" name="value[]" onchange=" $('.filter-ajax-waiting').addClass('show');$(this).closest('form').submit();" id="frm-productFilter-brandConstraintForm-value-458" value="458" aria-label="!Frisco (4)">
                            <label for="frm-productFilter-brandConstraintForm-value-458">Frisco (4)</label>
                        </div>


                                                         <div class="form-row" style="display: none;">
                            <input type="checkbox" name="value[]" onchange=" $('.filter-ajax-waiting').addClass('show');$(this).closest('form').submit();" id="frm-productFilter-brandConstraintForm-value-2280" value="2280" aria-label="!Frozen (1)">
                            <label for="frm-productFilter-brandConstraintForm-value-2280">Frozen (1)</label>
                        </div>


                                                         <div class="form-row" style="display: none;">
                            <input type="checkbox" name="value[]" onchange=" $('.filter-ajax-waiting').addClass('show');$(this).closest('form').submit();" id="frm-productFilter-brandConstraintForm-value-1710" value="1710" aria-label="!Fruko Schulz (13)">
                            <label for="frm-productFilter-brandConstraintForm-value-1710">Fruko Schulz (13)</label>
                        </div>


                                                         <div class="form-row" style="display: none;">
                            <input type="checkbox" name="value[]" onchange=" $('.filter-ajax-waiting').addClass('show');$(this).closest('form').submit();" id="frm-productFilter-brandConstraintForm-value-2880" value="2880" aria-label="!Fuller‘s (3)">
                            <label for="frm-productFilter-brandConstraintForm-value-2880">Fuller‘s (3)</label>
                        </div>


                                                         <div class="form-row" style="display: none;">
                            <input type="checkbox" name="value[]" onchange=" $('.filter-ajax-waiting').addClass('show');$(this).closest('form').submit();" id="frm-productFilter-brandConstraintForm-value-661" value="661" aria-label="!G&amp;G (2)">
                            <label for="frm-productFilter-brandConstraintForm-value-661">G&amp;G (2)</label>
                        </div>


                                                         <div class="form-row" style="display: none;">
                            <input type="checkbox" name="value[]" onchange=" $('.filter-ajax-waiting').addClass('show');$(this).closest('form').submit();" id="frm-productFilter-brandConstraintForm-value-2966" value="2966" aria-label="!G.H.Mumm (2)">
                            <label for="frm-productFilter-brandConstraintForm-value-2966">G.H.Mumm (2)</label>
                        </div>


                                                         <div class="form-row" style="display: none;">
                            <input type="checkbox" name="value[]" onchange=" $('.filter-ajax-waiting').addClass('show');$(this).closest('form').submit();" id="frm-productFilter-brandConstraintForm-value-504" value="504" aria-label="!GMG (1)">
                            <label for="frm-productFilter-brandConstraintForm-value-504">GMG (1)</label>
                        </div>


                                                         <div class="form-row" style="display: none;">
                            <input type="checkbox" name="value[]" onchange=" $('.filter-ajax-waiting').addClass('show');$(this).closest('form').submit();" id="frm-productFilter-brandConstraintForm-value-3277" value="3277" aria-label="!GO&amp;FUN (2)">
                            <label for="frm-productFilter-brandConstraintForm-value-3277">GO&amp;FUN (2)</label>
                        </div>


                                                         <div class="form-row" style="display: none;">
                            <input type="checkbox" name="value[]" onchange=" $('.filter-ajax-waiting').addClass('show');$(this).closest('form').submit();" id="frm-productFilter-brandConstraintForm-value-442" value="442" aria-label="!Gambrinus (13)">
                            <label for="frm-productFilter-brandConstraintForm-value-442">Gambrinus (13)</label>
                        </div>


                                                         <div class="form-row" style="display: none;">
                            <input type="checkbox" name="value[]" onchange=" $('.filter-ajax-waiting').addClass('show');$(this).closest('form').submit();" id="frm-productFilter-brandConstraintForm-value-3571" value="3571" aria-label="!Game of Africa (1)">
                            <label for="frm-productFilter-brandConstraintForm-value-3571">Game of Africa (1)</label>
                        </div>


                                                         <div class="form-row" style="display: none;">
                            <input type="checkbox" name="value[]" onchange=" $('.filter-ajax-waiting').addClass('show');$(this).closest('form').submit();" id="frm-productFilter-brandConstraintForm-value-2624" value="2624" aria-label="!Ganic (1)">
                            <label for="frm-productFilter-brandConstraintForm-value-2624">Ganic (1)</label>
                        </div>


                                                         <div class="form-row" style="display: none;">
                            <input type="checkbox" name="value[]" onchange=" $('.filter-ajax-waiting').addClass('show');$(this).closest('form').submit();" id="frm-productFilter-brandConstraintForm-value-550" value="550" aria-label="!Garrone (6)">
                            <label for="frm-productFilter-brandConstraintForm-value-550">Garrone (6)</label>
                        </div>


                                                         <div class="form-row" style="display: none;">
                            <input type="checkbox" name="value[]" onchange=" $('.filter-ajax-waiting').addClass('show');$(this).closest('form').submit();" id="frm-productFilter-brandConstraintForm-value-2828" value="2828" aria-label="!Gasteiner Kristallklar (3)">
                            <label for="frm-productFilter-brandConstraintForm-value-2828">Gasteiner Kristallklar (3)</label>
                        </div>


                                                         <div class="form-row" style="display: none;">
                            <input type="checkbox" name="value[]" onchange=" $('.filter-ajax-waiting').addClass('show');$(this).closest('form').submit();" id="frm-productFilter-brandConstraintForm-value-2420" value="2420" aria-label="!Gatorade (2)">
                            <label for="frm-productFilter-brandConstraintForm-value-2420">Gatorade (2)</label>
                        </div>


                                                         <div class="form-row" style="display: none;">
                            <input type="checkbox" name="value[]" onchange=" $('.filter-ajax-waiting').addClass('show');$(this).closest('form').submit();" id="frm-productFilter-brandConstraintForm-value-1014" value="1014" aria-label="!Gimoka (2)">
                            <label for="frm-productFilter-brandConstraintForm-value-1014">Gimoka (2)</label>
                        </div>


                                                         <div class="form-row" style="display: none;">
                            <input type="checkbox" name="value[]" onchange=" $('.filter-ajax-waiting').addClass('show');$(this).closest('form').submit();" id="frm-productFilter-brandConstraintForm-value-535" value="535" aria-label="!Glenfiddich (2)">
                            <label for="frm-productFilter-brandConstraintForm-value-535">Glenfiddich (2)</label>
                        </div>


                                                         <div class="form-row" style="display: none;">
                            <input type="checkbox" name="value[]" onchange=" $('.filter-ajax-waiting').addClass('show');$(this).closest('form').submit();" id="frm-productFilter-brandConstraintForm-value-3488" value="3488" aria-label="!Glenn Hill (1)">
                            <label for="frm-productFilter-brandConstraintForm-value-3488">Glenn Hill (1)</label>
                        </div>


                                                         <div class="form-row" style="display: none;">
                            <input type="checkbox" name="value[]" onchange=" $('.filter-ajax-waiting').addClass('show');$(this).closest('form').submit();" id="frm-productFilter-brandConstraintForm-value-887" value="887" aria-label="!Glockengold (5)">
                            <label for="frm-productFilter-brandConstraintForm-value-887">Glockengold (5)</label>
                        </div>


                                                         <div class="form-row" style="display: none;">
                            <input type="checkbox" name="value[]" onchange=" $('.filter-ajax-waiting').addClass('show');$(this).closest('form').submit();" id="frm-productFilter-brandConstraintForm-value-2925" value="2925" aria-label="!Godet (1)">
                            <label for="frm-productFilter-brandConstraintForm-value-2925">Godet (1)</label>
                        </div>


                                                         <div class="form-row" style="display: none;">
                            <input type="checkbox" name="value[]" onchange=" $('.filter-ajax-waiting').addClass('show');$(this).closest('form').submit();" id="frm-productFilter-brandConstraintForm-value-3572" value="3572" aria-label="!Gonzalez Byass (1)">
                            <label for="frm-productFilter-brandConstraintForm-value-3572">Gonzalez Byass (1)</label>
                        </div>


                                                         <div class="form-row" style="display: none;">
                            <input type="checkbox" name="value[]" onchange=" $('.filter-ajax-waiting').addClass('show');$(this).closest('form').submit();" id="frm-productFilter-brandConstraintForm-value-3432" value="3432" aria-label="!Gordon's (2)">
                            <label for="frm-productFilter-brandConstraintForm-value-3432">Gordon's (2)</label>
                        </div>


                                                         <div class="form-row" style="display: none;">
                            <input type="checkbox" name="value[]" onchange=" $('.filter-ajax-waiting').addClass('show');$(this).closest('form').submit();" id="frm-productFilter-brandConstraintForm-value-2451" value="2451" aria-label="!Gosmit (1)">
                            <label for="frm-productFilter-brandConstraintForm-value-2451">Gosmit (1)</label>
                        </div>


                                                         <div class="form-row" style="display: none;">
                            <input type="checkbox" name="value[]" onchange=" $('.filter-ajax-waiting').addClass('show');$(this).closest('form').submit();" id="frm-productFilter-brandConstraintForm-value-2360" value="2360" aria-label="!Goya (3)">
                            <label for="frm-productFilter-brandConstraintForm-value-2360">Goya (3)</label>
                        </div>


                                                         <div class="form-row" style="display: none;">
                            <input type="checkbox" name="value[]" onchange=" $('.filter-ajax-waiting').addClass('show');$(this).closest('form').submit();" id="frm-productFilter-brandConstraintForm-value-2266" value="2266" aria-label="!Grace (1)">
                            <label for="frm-productFilter-brandConstraintForm-value-2266">Grace (1)</label>
                        </div>


                                                         <div class="form-row" style="display: none;">
                            <input type="checkbox" name="value[]" onchange=" $('.filter-ajax-waiting').addClass('show');$(this).closest('form').submit();" id="frm-productFilter-brandConstraintForm-value-527" value="527" aria-label="!Granette (1)">
                            <label for="frm-productFilter-brandConstraintForm-value-527">Granette (1)</label>
                        </div>


                                                         <div class="form-row" style="display: none;">
                            <input type="checkbox" name="value[]" onchange=" $('.filter-ajax-waiting').addClass('show');$(this).closest('form').submit();" id="frm-productFilter-brandConstraintForm-value-382" value="382" aria-label="!Granini (22)">
                            <label for="frm-productFilter-brandConstraintForm-value-382">Granini (22)</label>
                        </div>


                                                         <div class="form-row" style="display: none;">
                            <input type="checkbox" name="value[]" onchange=" $('.filter-ajax-waiting').addClass('show');$(this).closest('form').submit();" id="frm-productFilter-brandConstraintForm-value-1775" value="1775" aria-label="!Granko (1)">
                            <label for="frm-productFilter-brandConstraintForm-value-1775">Granko (1)</label>
                        </div>


                                                         <div class="form-row" style="display: none;">
                            <input type="checkbox" name="value[]" onchange=" $('.filter-ajax-waiting').addClass('show');$(this).closest('form').submit();" id="frm-productFilter-brandConstraintForm-value-3526" value="3526" aria-label="!Grans-Fassian (1)">
                            <label for="frm-productFilter-brandConstraintForm-value-3526">Grans-Fassian (1)</label>
                        </div>


                                                         <div class="form-row" style="display: none;">
                            <input type="checkbox" name="value[]" onchange=" $('.filter-ajax-waiting').addClass('show');$(this).closest('form').submit();" id="frm-productFilter-brandConstraintForm-value-536" value="536" aria-label="!Grant's (1)">
                            <label for="frm-productFilter-brandConstraintForm-value-536">Grant's (1)</label>
                        </div>


                                                         <div class="form-row" style="display: none;">
                            <input type="checkbox" name="value[]" onchange=" $('.filter-ajax-waiting').addClass('show');$(this).closest('form').submit();" id="frm-productFilter-brandConstraintForm-value-1732" value="1732" aria-label="!Grey Goose (2)">
                            <label for="frm-productFilter-brandConstraintForm-value-1732">Grey Goose (2)</label>
                        </div>


                                                         <div class="form-row" style="display: none;">
                            <input type="checkbox" name="value[]" onchange=" $('.filter-ajax-waiting').addClass('show');$(this).closest('form').submit();" id="frm-productFilter-brandConstraintForm-value-1073" value="1073" aria-label="!Guinness (3)">
                            <label for="frm-productFilter-brandConstraintForm-value-1073">Guinness (3)</label>
                        </div>


                                                         <div class="form-row" style="display: none;">
                            <input type="checkbox" name="value[]" onchange=" $('.filter-ajax-waiting').addClass('show');$(this).closest('form').submit();" id="frm-productFilter-brandConstraintForm-value-2561" value="2561" aria-label="!Gulden Draak (1)">
                            <label for="frm-productFilter-brandConstraintForm-value-2561">Gulden Draak (1)</label>
                        </div>


                                                         <div class="form-row" style="display: none;">
                            <input type="checkbox" name="value[]" onchange=" $('.filter-ajax-waiting').addClass('show');$(this).closest('form').submit();" id="frm-productFilter-brandConstraintForm-value-2101" value="2101" aria-label="!HAPPY (1)">
                            <label for="frm-productFilter-brandConstraintForm-value-2101">HAPPY (1)</label>
                        </div>


                                                         <div class="form-row" style="display: none;">
                            <input type="checkbox" name="value[]" onchange=" $('.filter-ajax-waiting').addClass('show');$(this).closest('form').submit();" id="frm-productFilter-brandConstraintForm-value-3126" value="3126" aria-label="!HELL (3)">
                            <label for="frm-productFilter-brandConstraintForm-value-3126">HELL (3)</label>
                        </div>


                                                         <div class="form-row" style="display: none;">
                            <input type="checkbox" name="value[]" onchange=" $('.filter-ajax-waiting').addClass('show');$(this).closest('form').submit();" id="frm-productFilter-brandConstraintForm-value-466" value="466" aria-label="!Habánské Sklepy (20)">
                            <label for="frm-productFilter-brandConstraintForm-value-466">Habánské Sklepy (20)</label>
                        </div>


                                                         <div class="form-row" style="display: none;">
                            <input type="checkbox" name="value[]" onchange=" $('.filter-ajax-waiting').addClass('show');$(this).closest('form').submit();" id="frm-productFilter-brandConstraintForm-value-1431" value="1431" aria-label="!Habánské skepy (2)">
                            <label for="frm-productFilter-brandConstraintForm-value-1431">Habánské skepy (2)</label>
                        </div>


                                                         <div class="form-row" style="display: none;">
                            <input type="checkbox" name="value[]" onchange=" $('.filter-ajax-waiting').addClass('show');$(this).closest('form').submit();" id="frm-productFilter-brandConstraintForm-value-2445" value="2445" aria-label="!Hacienda (2)">
                            <label for="frm-productFilter-brandConstraintForm-value-2445">Hacienda (2)</label>
                        </div>


                                                         <div class="form-row" style="display: none;">
                            <input type="checkbox" name="value[]" onchange=" $('.filter-ajax-waiting').addClass('show');$(this).closest('form').submit();" id="frm-productFilter-brandConstraintForm-value-2878" value="2878" aria-label="!Hampstead (31)">
                            <label for="frm-productFilter-brandConstraintForm-value-2878">Hampstead (31)</label>
                        </div>


                                                         <div class="form-row" style="display: none;">
                            <input type="checkbox" name="value[]" onchange=" $('.filter-ajax-waiting').addClass('show');$(this).closest('form').submit();" id="frm-productFilter-brandConstraintForm-value-515" value="515" aria-label="!Hanácká (8)">
                            <label for="frm-productFilter-brandConstraintForm-value-515">Hanácká (8)</label>
                        </div>


                                                         <div class="form-row" style="display: none;">
                            <input type="checkbox" name="value[]" onchange=" $('.filter-ajax-waiting').addClass('show');$(this).closest('form').submit();" id="frm-productFilter-brandConstraintForm-value-402" value="402" aria-label="!Hanácká Kyselka (10)">
                            <label for="frm-productFilter-brandConstraintForm-value-402">Hanácká Kyselka (10)</label>
                        </div>


                                                         <div class="form-row" style="display: none;">
                            <input type="checkbox" name="value[]" onchange=" $('.filter-ajax-waiting').addClass('show');$(this).closest('form').submit();" id="frm-productFilter-brandConstraintForm-value-2892" value="2892" aria-label="!Harboe (5)">
                            <label for="frm-productFilter-brandConstraintForm-value-2892">Harboe (5)</label>
                        </div>


                                                         <div class="form-row" style="display: none;">
                            <input type="checkbox" name="value[]" onchange=" $('.filter-ajax-waiting').addClass('show');$(this).closest('form').submit();" id="frm-productFilter-brandConstraintForm-value-516" value="516" aria-label="!Havana Club (8)">
                            <label for="frm-productFilter-brandConstraintForm-value-516">Havana Club (8)</label>
                        </div>


                                                         <div class="form-row" style="display: none;">
                            <input type="checkbox" name="value[]" onchange=" $('.filter-ajax-waiting').addClass('show');$(this).closest('form').submit();" id="frm-productFilter-brandConstraintForm-value-2295" value="2295" aria-label="!Heidsieck &amp; Co (1)">
                            <label for="frm-productFilter-brandConstraintForm-value-2295">Heidsieck &amp; Co (1)</label>
                        </div>


                                                         <div class="form-row" style="display: none;">
                            <input type="checkbox" name="value[]" onchange=" $('.filter-ajax-waiting').addClass('show');$(this).closest('form').submit();" id="frm-productFilter-brandConstraintForm-value-450" value="450" aria-label="!Heineken (2)">
                            <label for="frm-productFilter-brandConstraintForm-value-450">Heineken (2)</label>
                        </div>


                                                         <div class="form-row" style="display: none;">
                            <input type="checkbox" name="value[]" onchange=" $('.filter-ajax-waiting').addClass('show');$(this).closest('form').submit();" id="frm-productFilter-brandConstraintForm-value-383" value="383" aria-label="!Hello (38)">
                            <label for="frm-productFilter-brandConstraintForm-value-383">Hello (38)</label>
                        </div>


                                                         <div class="form-row" style="display: none;">
                            <input type="checkbox" name="value[]" onchange=" $('.filter-ajax-waiting').addClass('show');$(this).closest('form').submit();" id="frm-productFilter-brandConstraintForm-value-997" value="997" aria-label="!Hello Kitty (1)">
                            <label for="frm-productFilter-brandConstraintForm-value-997">Hello Kitty (1)</label>
                        </div>


                                                         <div class="form-row" style="display: none;">
                            <input type="checkbox" name="value[]" onchange=" $('.filter-ajax-waiting').addClass('show');$(this).closest('form').submit();" id="frm-productFilter-brandConstraintForm-value-3434" value="3434" aria-label="!Hendrick's (1)">
                            <label for="frm-productFilter-brandConstraintForm-value-3434">Hendrick's (1)</label>
                        </div>


                                                         <div class="form-row" style="display: none;">
                            <input type="checkbox" name="value[]" onchange=" $('.filter-ajax-waiting').addClass('show');$(this).closest('form').submit();" id="frm-productFilter-brandConstraintForm-value-3308" value="3308" aria-label="!Hillside (3)">
                            <label for="frm-productFilter-brandConstraintForm-value-3308">Hillside (3)</label>
                        </div>


                                                         <div class="form-row" style="display: none;">
                            <input type="checkbox" name="value[]" onchange=" $('.filter-ajax-waiting').addClass('show');$(this).closest('form').submit();" id="frm-productFilter-brandConstraintForm-value-2425" value="2425" aria-label="!Hoegaarden (1)">
                            <label for="frm-productFilter-brandConstraintForm-value-2425">Hoegaarden (1)</label>
                        </div>


                                                         <div class="form-row" style="display: none;">
                            <input type="checkbox" name="value[]" onchange=" $('.filter-ajax-waiting').addClass('show');$(this).closest('form').submit();" id="frm-productFilter-brandConstraintForm-value-3199" value="3199" aria-label="!Holba (6)">
                            <label for="frm-productFilter-brandConstraintForm-value-3199">Holba (6)</label>
                        </div>


                                                         <div class="form-row" style="display: none;">
                            <input type="checkbox" name="value[]" onchange=" $('.filter-ajax-waiting').addClass('show');$(this).closest('form').submit();" id="frm-productFilter-brandConstraintForm-value-3179" value="3179" aria-label="!Hollinger (3)">
                            <label for="frm-productFilter-brandConstraintForm-value-3179">Hollinger (3)</label>
                        </div>


                                                         <div class="form-row" style="display: none;">
                            <input type="checkbox" name="value[]" onchange=" $('.filter-ajax-waiting').addClass('show');$(this).closest('form').submit();" id="frm-productFilter-brandConstraintForm-value-2663" value="2663" aria-label="!Hugo (1)">
                            <label for="frm-productFilter-brandConstraintForm-value-2663">Hugo (1)</label>
                        </div>


                                                         <div class="form-row" style="display: none;">
                            <input type="checkbox" name="value[]" onchange=" $('.filter-ajax-waiting').addClass('show');$(this).closest('form').submit();" id="frm-productFilter-brandConstraintForm-value-3513" value="3513" aria-label="!Imperial (1)">
                            <label for="frm-productFilter-brandConstraintForm-value-3513">Imperial (1)</label>
                        </div>


                                                         <div class="form-row" style="display: none;">
                            <input type="checkbox" name="value[]" onchange=" $('.filter-ajax-waiting').addClass('show');$(this).closest('form').submit();" id="frm-productFilter-brandConstraintForm-value-2882" value="2882" aria-label="!Innis &amp; Gunn (2)">
                            <label for="frm-productFilter-brandConstraintForm-value-2882">Innis &amp; Gunn (2)</label>
                        </div>


                                                         <div class="form-row" style="display: none;">
                            <input type="checkbox" name="value[]" onchange=" $('.filter-ajax-waiting').addClass('show');$(this).closest('form').submit();" id="frm-productFilter-brandConstraintForm-value-3231" value="3231" aria-label="!Intenso (5)">
                            <label for="frm-productFilter-brandConstraintForm-value-3231">Intenso (5)</label>
                        </div>


                                                         <div class="form-row" style="display: none;">
                            <input type="checkbox" name="value[]" onchange=" $('.filter-ajax-waiting').addClass('show');$(this).closest('form').submit();" id="frm-productFilter-brandConstraintForm-value-3081" value="3081" aria-label="!Iron Maiden Trooper (1)">
                            <label for="frm-productFilter-brandConstraintForm-value-3081">Iron Maiden Trooper (1)</label>
                        </div>


                                                         <div class="form-row" style="display: none;">
                            <input type="checkbox" name="value[]" onchange=" $('.filter-ajax-waiting').addClass('show');$(this).closest('form').submit();" id="frm-productFilter-brandConstraintForm-value-2788" value="2788" aria-label="!Isoline (27)">
                            <label for="frm-productFilter-brandConstraintForm-value-2788">Isoline (27)</label>
                        </div>


                                                         <div class="form-row" style="display: none;">
                            <input type="checkbox" name="value[]" onchange=" $('.filter-ajax-waiting').addClass('show');$(this).closest('form').submit();" id="frm-productFilter-brandConstraintForm-value-2400" value="2400" aria-label="!Izzo (5)">
                            <label for="frm-productFilter-brandConstraintForm-value-2400">Izzo (5)</label>
                        </div>


                                                         <div class="form-row" style="display: none;">
                            <input type="checkbox" name="value[]" onchange=" $('.filter-ajax-waiting').addClass('show');$(this).closest('form').submit();" id="frm-productFilter-brandConstraintForm-value-475" value="475" aria-label="!J.P. Chenet (19)">
                            <label for="frm-productFilter-brandConstraintForm-value-475">J.P. Chenet (19)</label>
                        </div>


                                                         <div class="form-row" style="display: none;">
                            <input type="checkbox" name="value[]" onchange=" $('.filter-ajax-waiting').addClass('show');$(this).closest('form').submit();" id="frm-productFilter-brandConstraintForm-value-538" value="538" aria-label="!Jack Daniel's (9)">
                            <label for="frm-productFilter-brandConstraintForm-value-538">Jack Daniel's (9)</label>
                        </div>


                                                         <div class="form-row" style="display: none;">
                            <input type="checkbox" name="value[]" onchange=" $('.filter-ajax-waiting').addClass('show');$(this).closest('form').submit();" id="frm-productFilter-brandConstraintForm-value-482" value="482" aria-label="!Jacob's Creek (8)">
                            <label for="frm-productFilter-brandConstraintForm-value-482">Jacob's Creek (8)</label>
                        </div>


                                                         <div class="form-row" style="display: none;">
                            <input type="checkbox" name="value[]" onchange=" $('.filter-ajax-waiting').addClass('show');$(this).closest('form').submit();" id="frm-productFilter-brandConstraintForm-value-364" value="364" aria-label="!Jacobs (6)">
                            <label for="frm-productFilter-brandConstraintForm-value-364">Jacobs (6)</label>
                        </div>


                                                         <div class="form-row" style="display: none;">
                            <input type="checkbox" name="value[]" onchange=" $('.filter-ajax-waiting').addClass('show');$(this).closest('form').submit();" id="frm-productFilter-brandConstraintForm-value-1253" value="1253" aria-label="!Jacobs Creek (1)">
                            <label for="frm-productFilter-brandConstraintForm-value-1253">Jacobs Creek (1)</label>
                        </div>


                                                         <div class="form-row" style="display: none;">
                            <input type="checkbox" name="value[]" onchange=" $('.filter-ajax-waiting').addClass('show');$(this).closest('form').submit();" id="frm-productFilter-brandConstraintForm-value-937" value="937" aria-label="!Jacoby (1)">
                            <label for="frm-productFilter-brandConstraintForm-value-937">Jacoby (1)</label>
                        </div>


                                                         <div class="form-row" style="display: none;">
                            <input type="checkbox" name="value[]" onchange=" $('.filter-ajax-waiting').addClass('show');$(this).closest('form').submit();" id="frm-productFilter-brandConstraintForm-value-2779" value="2779" aria-label="!Jagdtraum (1)">
                            <label for="frm-productFilter-brandConstraintForm-value-2779">Jagdtraum (1)</label>
                        </div>


                                                         <div class="form-row" style="display: none;">
                            <input type="checkbox" name="value[]" onchange=" $('.filter-ajax-waiting').addClass('show');$(this).closest('form').submit();" id="frm-productFilter-brandConstraintForm-value-539" value="539" aria-label="!Jameson (7)">
                            <label for="frm-productFilter-brandConstraintForm-value-539">Jameson (7)</label>
                        </div>


                                                         <div class="form-row" style="display: none;">
                            <input type="checkbox" name="value[]" onchange=" $('.filter-ajax-waiting').addClass('show');$(this).closest('form').submit();" id="frm-productFilter-brandConstraintForm-value-3042" value="3042" aria-label="!Jarritos (8)">
                            <label for="frm-productFilter-brandConstraintForm-value-3042">Jarritos (8)</label>
                        </div>


                                                         <div class="form-row" style="display: none;">
                            <input type="checkbox" name="value[]" onchange=" $('.filter-ajax-waiting').addClass('show');$(this).closest('form').submit();" id="frm-productFilter-brandConstraintForm-value-3514" value="3514" aria-label="!Jean Paul Loret (1)">
                            <label for="frm-productFilter-brandConstraintForm-value-3514">Jean Paul Loret (1)</label>
                        </div>


                                                         <div class="form-row" style="display: none;">
                            <input type="checkbox" name="value[]" onchange=" $('.filter-ajax-waiting').addClass('show');$(this).closest('form').submit();" id="frm-productFilter-brandConstraintForm-value-1138" value="1138" aria-label="!Jelzin (6)">
                            <label for="frm-productFilter-brandConstraintForm-value-1138">Jelzin (6)</label>
                        </div>


                                                         <div class="form-row" style="display: none;">
                            <input type="checkbox" name="value[]" onchange=" $('.filter-ajax-waiting').addClass('show');$(this).closest('form').submit();" id="frm-productFilter-brandConstraintForm-value-356" value="356" aria-label="!Jemča (33)">
                            <label for="frm-productFilter-brandConstraintForm-value-356">Jemča (33)</label>
                        </div>


                                                         <div class="form-row" style="display: none;">
                            <input type="checkbox" name="value[]" onchange=" $('.filter-ajax-waiting').addClass('show');$(this).closest('form').submit();" id="frm-productFilter-brandConstraintForm-value-2818" value="2818" aria-label="!Ježek (3)">
                            <label for="frm-productFilter-brandConstraintForm-value-2818">Ježek (3)</label>
                        </div>


                                                         <div class="form-row" style="display: none;">
                            <input type="checkbox" name="value[]" onchange=" $('.filter-ajax-waiting').addClass('show');$(this).closest('form').submit();" id="frm-productFilter-brandConstraintForm-value-370" value="370" aria-label="!Jihlavanka (4)">
                            <label for="frm-productFilter-brandConstraintForm-value-370">Jihlavanka (4)</label>
                        </div>


                                                         <div class="form-row" style="display: none;">
                            <input type="checkbox" name="value[]" onchange=" $('.filter-ajax-waiting').addClass('show');$(this).closest('form').submit();" id="frm-productFilter-brandConstraintForm-value-540" value="540" aria-label="!Jim Beam (5)">
                            <label for="frm-productFilter-brandConstraintForm-value-540">Jim Beam (5)</label>
                        </div>


                                                         <div class="form-row" style="display: none;">
                            <input type="checkbox" name="value[]" onchange=" $('.filter-ajax-waiting').addClass('show');$(this).closest('form').submit();" id="frm-productFilter-brandConstraintForm-value-3000" value="3000" aria-label="!JimBeam (1)">
                            <label for="frm-productFilter-brandConstraintForm-value-3000">JimBeam (1)</label>
                        </div>


                                                         <div class="form-row" style="display: none;">
                            <input type="checkbox" name="value[]" onchange=" $('.filter-ajax-waiting').addClass('show');$(this).closest('form').submit();" id="frm-productFilter-brandConstraintForm-value-2780" value="2780" aria-label="!John Medley´s (1)">
                            <label for="frm-productFilter-brandConstraintForm-value-2780">John Medley´s (1)</label>
                        </div>


                                                         <div class="form-row" style="display: none;">
                            <input type="checkbox" name="value[]" onchange=" $('.filter-ajax-waiting').addClass('show');$(this).closest('form').submit();" id="frm-productFilter-brandConstraintForm-value-541" value="541" aria-label="!Johnnie Walker (5)">
                            <label for="frm-productFilter-brandConstraintForm-value-541">Johnnie Walker (5)</label>
                        </div>


                                                         <div class="form-row" style="display: none;">
                            <input type="checkbox" name="value[]" onchange=" $('.filter-ajax-waiting').addClass('show');$(this).closest('form').submit();" id="frm-productFilter-brandConstraintForm-value-2137" value="2137" aria-label="!Jumex (28)">
                            <label for="frm-productFilter-brandConstraintForm-value-2137">Jumex (28)</label>
                        </div>


                                                         <div class="form-row" style="display: none;">
                            <input type="checkbox" name="value[]" onchange=" $('.filter-ajax-waiting').addClass('show');$(this).closest('form').submit();" id="frm-productFilter-brandConstraintForm-value-1451" value="1451" aria-label="!Jump In! (1)">
                            <label for="frm-productFilter-brandConstraintForm-value-1451">Jump In! (1)</label>
                        </div>


                                                         <div class="form-row" style="display: none;">
                            <input type="checkbox" name="value[]" onchange=" $('.filter-ajax-waiting').addClass('show');$(this).closest('form').submit();" id="frm-productFilter-brandConstraintForm-value-393" value="393" aria-label="!Jupik (9)">
                            <label for="frm-productFilter-brandConstraintForm-value-393">Jupik (9)</label>
                        </div>


                            <div class="form-row">
                            <input type="checkbox" name="value[]" onchange=" $('.filter-ajax-waiting').addClass('show');$(this).closest('form').submit();" id="frm-productFilter-brandConstraintForm-value-389" value="389" aria-label="!Jupí (42)">
                            <label for="frm-productFilter-brandConstraintForm-value-389">Jupí (42)</label>
                        </div>


                                                         <div class="form-row" style="display: none;">
                            <input type="checkbox" name="value[]" onchange=" $('.filter-ajax-waiting').addClass('show');$(this).closest('form').submit();" id="frm-productFilter-brandConstraintForm-value-1807" value="1807" aria-label="!Jupík Aqua (2)">
                            <label for="frm-productFilter-brandConstraintForm-value-1807">Jupík Aqua (2)</label>
                        </div>


                                                         <div class="form-row" style="display: none;">
                            <input type="checkbox" name="value[]" onchange=" $('.filter-ajax-waiting').addClass('show');$(this).closest('form').submit();" id="frm-productFilter-brandConstraintForm-value-564" value="564" aria-label="!Jägermeister (2)">
                            <label for="frm-productFilter-brandConstraintForm-value-564">Jägermeister (2)</label>
                        </div>


                                                         <div class="form-row" style="display: none;">
                            <input type="checkbox" name="value[]" onchange=" $('.filter-ajax-waiting').addClass('show');$(this).closest('form').submit();" id="frm-productFilter-brandConstraintForm-value-2965" value="2965" aria-label="!KV 14 (1)">
                            <label for="frm-productFilter-brandConstraintForm-value-2965">KV 14 (1)</label>
                        </div>


                                                         <div class="form-row" style="display: none;">
                            <input type="checkbox" name="value[]" onchange=" $('.filter-ajax-waiting').addClass('show');$(this).closest('form').submit();" id="frm-productFilter-brandConstraintForm-value-2458" value="2458" aria-label="!Kagor (1)">
                            <label for="frm-productFilter-brandConstraintForm-value-2458">Kagor (1)</label>
                        </div>


                                                         <div class="form-row" style="display: none;">
                            <input type="checkbox" name="value[]" onchange=" $('.filter-ajax-waiting').addClass('show');$(this).closest('form').submit();" id="frm-productFilter-brandConstraintForm-value-2969" value="2969" aria-label="!Kahlua (2)">
                            <label for="frm-productFilter-brandConstraintForm-value-2969">Kahlua (2)</label>
                        </div>


                                                         <div class="form-row" style="display: none;">
                            <input type="checkbox" name="value[]" onchange=" $('.filter-ajax-waiting').addClass('show');$(this).closest('form').submit();" id="frm-productFilter-brandConstraintForm-value-999" value="999" aria-label="!Kamikaze (1)">
                            <label for="frm-productFilter-brandConstraintForm-value-999">Kamikaze (1)</label>
                        </div>


                                                         <div class="form-row" style="display: none;">
                            <input type="checkbox" name="value[]" onchange=" $('.filter-ajax-waiting').addClass('show');$(this).closest('form').submit();" id="frm-productFilter-brandConstraintForm-value-890" value="890" aria-label="!Karlovarská Korunní (2)">
                            <label for="frm-productFilter-brandConstraintForm-value-890">Karlovarská Korunní (2)</label>
                        </div>


                                                         <div class="form-row" style="display: none;">
                            <input type="checkbox" name="value[]" onchange=" $('.filter-ajax-waiting').addClass('show');$(this).closest('form').submit();" id="frm-productFilter-brandConstraintForm-value-877" value="877" aria-label="!Karlovarské minerální vody (4)">
                            <label for="frm-productFilter-brandConstraintForm-value-877">Karlovarské minerální vody (4)</label>
                        </div>


                                                         <div class="form-row" style="display: none;">
                            <input type="checkbox" name="value[]" onchange=" $('.filter-ajax-waiting').addClass('show');$(this).closest('form').submit();" id="frm-productFilter-brandConstraintForm-value-2601" value="2601" aria-label="!Kasteel (1)">
                            <label for="frm-productFilter-brandConstraintForm-value-2601">Kasteel (1)</label>
                        </div>


                                                         <div class="form-row" style="display: none;">
                            <input type="checkbox" name="value[]" onchange=" $('.filter-ajax-waiting').addClass('show');$(this).closest('form').submit();" id="frm-productFilter-brandConstraintForm-value-3257" value="3257" aria-label="!Kensington (1)">
                            <label for="frm-productFilter-brandConstraintForm-value-3257">Kensington (1)</label>
                        </div>


                                                         <div class="form-row" style="display: none;">
                            <input type="checkbox" name="value[]" onchange=" $('.filter-ajax-waiting').addClass('show');$(this).closest('form').submit();" id="frm-productFilter-brandConstraintForm-value-2643" value="2643" aria-label="!Kentucky Jack (1)">
                            <label for="frm-productFilter-brandConstraintForm-value-2643">Kentucky Jack (1)</label>
                        </div>


                                                         <div class="form-row" style="display: none;">
                            <input type="checkbox" name="value[]" onchange=" $('.filter-ajax-waiting').addClass('show');$(this).closest('form').submit();" id="frm-productFilter-brandConstraintForm-value-3486" value="3486" aria-label="!King of Spirits (1)">
                            <label for="frm-productFilter-brandConstraintForm-value-3486">King of Spirits (1)</label>
                        </div>


                                                         <div class="form-row" style="display: none;">
                            <input type="checkbox" name="value[]" onchange=" $('.filter-ajax-waiting').addClass('show');$(this).closest('form').submit();" id="frm-productFilter-brandConstraintForm-value-636" value="636" aria-label="!Kingswood (8)">
                            <label for="frm-productFilter-brandConstraintForm-value-636">Kingswood (8)</label>
                        </div>


                                                         <div class="form-row" style="display: none;">
                            <input type="checkbox" name="value[]" onchange=" $('.filter-ajax-waiting').addClass('show');$(this).closest('form').submit();" id="frm-productFilter-brandConstraintForm-value-419" value="419" aria-label="!Kinley (3)">
                            <label for="frm-productFilter-brandConstraintForm-value-419">Kinley (3)</label>
                        </div>


                                                         <div class="form-row" style="display: none;">
                            <input type="checkbox" name="value[]" onchange=" $('.filter-ajax-waiting').addClass('show');$(this).closest('form').submit();" id="frm-productFilter-brandConstraintForm-value-2239" value="2239" aria-label="!Kitl (9)">
                            <label for="frm-productFilter-brandConstraintForm-value-2239">Kitl (9)</label>
                        </div>


                                                         <div class="form-row" style="display: none;">
                            <input type="checkbox" name="value[]" onchange=" $('.filter-ajax-waiting').addClass('show');$(this).closest('form').submit();" id="frm-productFilter-brandConstraintForm-value-2483" value="2483" aria-label="!Kiwi Cuvée (1)">
                            <label for="frm-productFilter-brandConstraintForm-value-2483">Kiwi Cuvée (1)</label>
                        </div>


                                                         <div class="form-row" style="display: none;">
                            <input type="checkbox" name="value[]" onchange=" $('.filter-ajax-waiting').addClass('show');$(this).closest('form').submit();" id="frm-productFilter-brandConstraintForm-value-1400" value="1400" aria-label="!Klaster (3)">
                            <label for="frm-productFilter-brandConstraintForm-value-1400">Klaster (3)</label>
                        </div>


                                                         <div class="form-row" style="display: none;">
                            <input type="checkbox" name="value[]" onchange=" $('.filter-ajax-waiting').addClass('show');$(this).closest('form').submit();" id="frm-productFilter-brandConstraintForm-value-562" value="562" aria-label="!Klášterní tajemství (1)">
                            <label for="frm-productFilter-brandConstraintForm-value-562">Klášterní tajemství (1)</label>
                        </div>


                                                         <div class="form-row" style="display: none;">
                            <input type="checkbox" name="value[]" onchange=" $('.filter-ajax-waiting').addClass('show');$(this).closest('form').submit();" id="frm-productFilter-brandConstraintForm-value-411" value="411" aria-label="!Kofola (19)">
                            <label for="frm-productFilter-brandConstraintForm-value-411">Kofola (19)</label>
                        </div>


                                                         <div class="form-row" style="display: none;">
                            <input type="checkbox" name="value[]" onchange=" $('.filter-ajax-waiting').addClass('show');$(this).closest('form').submit();" id="frm-productFilter-brandConstraintForm-value-2183" value="2183" aria-label="!Koldokol (30)">
                            <label for="frm-productFilter-brandConstraintForm-value-2183">Koldokol (30)</label>
                        </div>


                                                         <div class="form-row" style="display: none;">
                            <input type="checkbox" name="value[]" onchange=" $('.filter-ajax-waiting').addClass('show');$(this).closest('form').submit();" id="frm-productFilter-brandConstraintForm-value-1070" value="1070" aria-label="!Kopparberg (3)">
                            <label for="frm-productFilter-brandConstraintForm-value-1070">Kopparberg (3)</label>
                        </div>


                                                         <div class="form-row" style="display: none;">
                            <input type="checkbox" name="value[]" onchange=" $('.filter-ajax-waiting').addClass('show');$(this).closest('form').submit();" id="frm-productFilter-brandConstraintForm-value-1309" value="1309" aria-label="!Korunní (21)">
                            <label for="frm-productFilter-brandConstraintForm-value-1309">Korunní (21)</label>
                        </div>


                                                         <div class="form-row" style="display: none;">
                            <input type="checkbox" name="value[]" onchange=" $('.filter-ajax-waiting').addClass('show');$(this).closest('form').submit();" id="frm-productFilter-brandConstraintForm-value-3329" value="3329" aria-label="!Kovacs (3)">
                            <label for="frm-productFilter-brandConstraintForm-value-3329">Kovacs (3)</label>
                        </div>


                                                         <div class="form-row" style="display: none;">
                            <input type="checkbox" name="value[]" onchange=" $('.filter-ajax-waiting').addClass('show');$(this).closest('form').submit();" id="frm-productFilter-brandConstraintForm-value-444" value="444" aria-label="!Krušovice (10)">
                            <label for="frm-productFilter-brandConstraintForm-value-444">Krušovice (10)</label>
                        </div>


                                                         <div class="form-row" style="display: none;">
                            <input type="checkbox" name="value[]" onchange=" $('.filter-ajax-waiting').addClass('show');$(this).closest('form').submit();" id="frm-productFilter-brandConstraintForm-value-394" value="394" aria-label="!Kubík (12)">
                            <label for="frm-productFilter-brandConstraintForm-value-394">Kubík (12)</label>
                        </div>


                                                         <div class="form-row" style="display: none;">
                            <input type="checkbox" name="value[]" onchange=" $('.filter-ajax-waiting').addClass('show');$(this).closest('form').submit();" id="frm-productFilter-brandConstraintForm-value-2367" value="2367" aria-label="!Kulau (4)">
                            <label for="frm-productFilter-brandConstraintForm-value-2367">Kulau (4)</label>
                        </div>


                                                         <div class="form-row" style="display: none;">
                            <input type="checkbox" name="value[]" onchange=" $('.filter-ajax-waiting').addClass('show');$(this).closest('form').submit();" id="frm-productFilter-brandConstraintForm-value-3328" value="3328" aria-label="!Kumala (3)">
                            <label for="frm-productFilter-brandConstraintForm-value-3328">Kumala (3)</label>
                        </div>


                                                         <div class="form-row" style="display: none;">
                            <input type="checkbox" name="value[]" onchange=" $('.filter-ajax-waiting').addClass('show');$(this).closest('form').submit();" id="frm-productFilter-brandConstraintForm-value-326" value="326" aria-label="!Kávoviny (11)">
                            <label for="frm-productFilter-brandConstraintForm-value-326">Kávoviny (11)</label>
                        </div>


                                                         <div class="form-row" style="display: none;">
                            <input type="checkbox" name="value[]" onchange=" $('.filter-ajax-waiting').addClass('show');$(this).closest('form').submit();" id="frm-productFilter-brandConstraintForm-value-3345" value="3345" aria-label="!L'OR (2)">
                            <label for="frm-productFilter-brandConstraintForm-value-3345">L'OR (2)</label>
                        </div>


                                                         <div class="form-row" style="display: none;">
                            <input type="checkbox" name="value[]" onchange=" $('.filter-ajax-waiting').addClass('show');$(this).closest('form').submit();" id="frm-productFilter-brandConstraintForm-value-2765" value="2765" aria-label="!LAFKIOTI (5)">
                            <label for="frm-productFilter-brandConstraintForm-value-2765">LAFKIOTI (5)</label>
                        </div>


                                                         <div class="form-row" style="display: none;">
                            <input type="checkbox" name="value[]" onchange=" $('.filter-ajax-waiting').addClass('show');$(this).closest('form').submit();" id="frm-productFilter-brandConstraintForm-value-3192" value="3192" aria-label="!LIPOO (3)">
                            <label for="frm-productFilter-brandConstraintForm-value-3192">LIPOO (3)</label>
                        </div>


                                                         <div class="form-row" style="display: none;">
                            <input type="checkbox" name="value[]" onchange=" $('.filter-ajax-waiting').addClass('show');$(this).closest('form').submit();" id="frm-productFilter-brandConstraintForm-value-2482" value="2482" aria-label="!La Baume (2)">
                            <label for="frm-productFilter-brandConstraintForm-value-2482">La Baume (2)</label>
                        </div>


                                                         <div class="form-row" style="display: none;">
                            <input type="checkbox" name="value[]" onchange=" $('.filter-ajax-waiting').addClass('show');$(this).closest('form').submit();" id="frm-productFilter-brandConstraintForm-value-2929" value="2929" aria-label="!La Cafferia (3)">
                            <label for="frm-productFilter-brandConstraintForm-value-2929">La Cafferia (3)</label>
                        </div>


                                                         <div class="form-row" style="display: none;">
                            <input type="checkbox" name="value[]" onchange=" $('.filter-ajax-waiting').addClass('show');$(this).closest('form').submit();" id="frm-productFilter-brandConstraintForm-value-3326" value="3326" aria-label="!La Forge (3)">
                            <label for="frm-productFilter-brandConstraintForm-value-3326">La Forge (3)</label>
                        </div>


                                                         <div class="form-row" style="display: none;">
                            <input type="checkbox" name="value[]" onchange=" $('.filter-ajax-waiting').addClass('show');$(this).closest('form').submit();" id="frm-productFilter-brandConstraintForm-value-3440" value="3440" aria-label="!La Miranda (1)">
                            <label for="frm-productFilter-brandConstraintForm-value-3440">La Miranda (1)</label>
                        </div>


                                                         <div class="form-row" style="display: none;">
                            <input type="checkbox" name="value[]" onchange=" $('.filter-ajax-waiting').addClass('show');$(this).closest('form').submit();" id="frm-productFilter-brandConstraintForm-value-2919" value="2919" aria-label="!La Table d´Oscar (2)">
                            <label for="frm-productFilter-brandConstraintForm-value-2919">La Table d´Oscar (2)</label>
                        </div>


                                                         <div class="form-row" style="display: none;">
                            <input type="checkbox" name="value[]" onchange=" $('.filter-ajax-waiting').addClass('show');$(this).closest('form').submit();" id="frm-productFilter-brandConstraintForm-value-543" value="543" aria-label="!Label (1)">
                            <label for="frm-productFilter-brandConstraintForm-value-543">Label (1)</label>
                        </div>


                                                         <div class="form-row" style="display: none;">
                            <input type="checkbox" name="value[]" onchange=" $('.filter-ajax-waiting').addClass('show');$(this).closest('form').submit();" id="frm-productFilter-brandConstraintForm-value-1711" value="1711" aria-label="!Lambrusco (3)">
                            <label for="frm-productFilter-brandConstraintForm-value-1711">Lambrusco (3)</label>
                        </div>


                                                         <div class="form-row" style="display: none;">
                            <input type="checkbox" name="value[]" onchange=" $('.filter-ajax-waiting').addClass('show');$(this).closest('form').submit();" id="frm-productFilter-brandConstraintForm-value-2526" value="2526" aria-label="!Landbier (1)">
                            <label for="frm-productFilter-brandConstraintForm-value-2526">Landbier (1)</label>
                        </div>


                                                         <div class="form-row" style="display: none;">
                            <input type="checkbox" name="value[]" onchange=" $('.filter-ajax-waiting').addClass('show');$(this).closest('form').submit();" id="frm-productFilter-brandConstraintForm-value-3529" value="3529" aria-label="!Lanson (1)">
                            <label for="frm-productFilter-brandConstraintForm-value-3529">Lanson (1)</label>
                        </div>


                                                         <div class="form-row" style="display: none;">
                            <input type="checkbox" name="value[]" onchange=" $('.filter-ajax-waiting').addClass('show');$(this).closest('form').submit();" id="frm-productFilter-brandConstraintForm-value-544" value="544" aria-label="!Laphroaig (1)">
                            <label for="frm-productFilter-brandConstraintForm-value-544">Laphroaig (1)</label>
                        </div>


                                                         <div class="form-row" style="display: none;">
                            <input type="checkbox" name="value[]" onchange=" $('.filter-ajax-waiting').addClass('show');$(this).closest('form').submit();" id="frm-productFilter-brandConstraintForm-value-1017" value="1017" aria-label="!Lavazza (11)">
                            <label for="frm-productFilter-brandConstraintForm-value-1017">Lavazza (11)</label>
                        </div>


                                                         <div class="form-row" style="display: none;">
                            <input type="checkbox" name="value[]" onchange=" $('.filter-ajax-waiting').addClass('show');$(this).closest('form').submit();" id="frm-productFilter-brandConstraintForm-value-2460" value="2460" aria-label="!Lavtor (2)">
                            <label for="frm-productFilter-brandConstraintForm-value-2460">Lavtor (2)</label>
                        </div>


                                                         <div class="form-row" style="display: none;">
                            <input type="checkbox" name="value[]" onchange=" $('.filter-ajax-waiting').addClass('show');$(this).closest('form').submit();" id="frm-productFilter-brandConstraintForm-value-1704" value="1704" aria-label="!Leffe (1)">
                            <label for="frm-productFilter-brandConstraintForm-value-1704">Leffe (1)</label>
                        </div>


                                                         <div class="form-row" style="display: none;">
                            <input type="checkbox" name="value[]" onchange=" $('.filter-ajax-waiting').addClass('show');$(this).closest('form').submit();" id="frm-productFilter-brandConstraintForm-value-1081" value="1081" aria-label="!Legendario (1)">
                            <label for="frm-productFilter-brandConstraintForm-value-1081">Legendario (1)</label>
                        </div>


                                                         <div class="form-row" style="display: none;">
                            <input type="checkbox" name="value[]" onchange=" $('.filter-ajax-waiting').addClass('show');$(this).closest('form').submit();" id="frm-productFilter-brandConstraintForm-value-3224" value="3224" aria-label="!Leros (7)">
                            <label for="frm-productFilter-brandConstraintForm-value-3224">Leros (7)</label>
                        </div>


                                                         <div class="form-row" style="display: none;">
                            <input type="checkbox" name="value[]" onchange=" $('.filter-ajax-waiting').addClass('show');$(this).closest('form').submit();" id="frm-productFilter-brandConstraintForm-value-3325" value="3325" aria-label="!Les Vins Georges Duboeuf (1)">
                            <label for="frm-productFilter-brandConstraintForm-value-3325">Les Vins Georges Duboeuf (1)</label>
                        </div>


                                                         <div class="form-row" style="display: none;">
                            <input type="checkbox" name="value[]" onchange=" $('.filter-ajax-waiting').addClass('show');$(this).closest('form').submit();" id="frm-productFilter-brandConstraintForm-value-2833" value="2833" aria-label="!Limeñita (6)">
                            <label for="frm-productFilter-brandConstraintForm-value-2833">Limeñita (6)</label>
                        </div>


                                                         <div class="form-row" style="display: none;">
                            <input type="checkbox" name="value[]" onchange=" $('.filter-ajax-waiting').addClass('show');$(this).closest('form').submit();" id="frm-productFilter-brandConstraintForm-value-1654" value="1654" aria-label="!Limi (2)">
                            <label for="frm-productFilter-brandConstraintForm-value-1654">Limi (2)</label>
                        </div>


                                                         <div class="form-row" style="display: none;">
                            <input type="checkbox" name="value[]" onchange=" $('.filter-ajax-waiting').addClass('show');$(this).closest('form').submit();" id="frm-productFilter-brandConstraintForm-value-1669" value="1669" aria-label="!Lindt (2)">
                            <label for="frm-productFilter-brandConstraintForm-value-1669">Lindt (2)</label>
                        </div>


                                                         <div class="form-row" style="display: none;">
                            <input type="checkbox" name="value[]" onchange=" $('.filter-ajax-waiting').addClass('show');$(this).closest('form').submit();" id="frm-productFilter-brandConstraintForm-value-2395" value="2395" aria-label="!Link natural products (1)">
                            <label for="frm-productFilter-brandConstraintForm-value-2395">Link natural products (1)</label>
                        </div>


                            <div class="form-row">
                            <input type="checkbox" name="value[]" onchange=" $('.filter-ajax-waiting').addClass('show');$(this).closest('form').submit();" id="frm-productFilter-brandConstraintForm-value-361" value="361" aria-label="!Lipton (42)">
                            <label for="frm-productFilter-brandConstraintForm-value-361">Lipton (42)</label>
                        </div>


                                                         <div class="form-row" style="display: none;">
                            <input type="checkbox" name="value[]" onchange=" $('.filter-ajax-waiting').addClass('show');$(this).closest('form').submit();" id="frm-productFilter-brandConstraintForm-value-3177" value="3177" aria-label="!Litovel (7)">
                            <label for="frm-productFilter-brandConstraintForm-value-3177">Litovel (7)</label>
                        </div>


                                                         <div class="form-row" style="display: none;">
                            <input type="checkbox" name="value[]" onchange=" $('.filter-ajax-waiting').addClass('show');$(this).closest('form').submit();" id="frm-productFilter-brandConstraintForm-value-3017" value="3017" aria-label="!Lišácké jablko (1)">
                            <label for="frm-productFilter-brandConstraintForm-value-3017">Lišácké jablko (1)</label>
                        </div>


                                                         <div class="form-row" style="display: none;">
                            <input type="checkbox" name="value[]" onchange=" $('.filter-ajax-waiting').addClass('show');$(this).closest('form').submit();" id="frm-productFilter-brandConstraintForm-value-2812" value="2812" aria-label="!Lobkowicz (8)">
                            <label for="frm-productFilter-brandConstraintForm-value-2812">Lobkowicz (8)</label>
                        </div>


                                                         <div class="form-row" style="display: none;">
                            <input type="checkbox" name="value[]" onchange=" $('.filter-ajax-waiting').addClass('show');$(this).closest('form').submit();" id="frm-productFilter-brandConstraintForm-value-3551" value="3551" aria-label="!Louis Max (1)">
                            <label for="frm-productFilter-brandConstraintForm-value-3551">Louis Max (1)</label>
                        </div>


                                                         <div class="form-row" style="display: none;">
                            <input type="checkbox" name="value[]" onchange=" $('.filter-ajax-waiting').addClass('show');$(this).closest('form').submit();" id="frm-productFilter-brandConstraintForm-value-360" value="360" aria-label="!Loyd (1)">
                            <label for="frm-productFilter-brandConstraintForm-value-360">Loyd (1)</label>
                        </div>


                                                         <div class="form-row" style="display: none;">
                            <input type="checkbox" name="value[]" onchange=" $('.filter-ajax-waiting').addClass('show');$(this).closest('form').submit();" id="frm-productFilter-brandConstraintForm-value-2261" value="2261" aria-label="!Ludwig (15)">
                            <label for="frm-productFilter-brandConstraintForm-value-2261">Ludwig (15)</label>
                        </div>


                                                         <div class="form-row" style="display: none;">
                            <input type="checkbox" name="value[]" onchange=" $('.filter-ajax-waiting').addClass('show');$(this).closest('form').submit();" id="frm-productFilter-brandConstraintForm-value-3225" value="3225" aria-label="!Luxury Fresh (7)">
                            <label for="frm-productFilter-brandConstraintForm-value-3225">Luxury Fresh (7)</label>
                        </div>


                                                         <div class="form-row" style="display: none;">
                            <input type="checkbox" name="value[]" onchange=" $('.filter-ajax-waiting').addClass('show');$(this).closest('form').submit();" id="frm-productFilter-brandConstraintForm-value-2377" value="2377" aria-label="!Lynch (13)">
                            <label for="frm-productFilter-brandConstraintForm-value-2377">Lynch (13)</label>
                        </div>


                                                         <div class="form-row" style="display: none;">
                            <input type="checkbox" name="value[]" onchange=" $('.filter-ajax-waiting').addClass('show');$(this).closest('form').submit();" id="frm-productFilter-brandConstraintForm-value-3030" value="3030" aria-label="!L´OR (4)">
                            <label for="frm-productFilter-brandConstraintForm-value-3030">L´OR (4)</label>
                        </div>


                                                         <div class="form-row" style="display: none;">
                            <input type="checkbox" name="value[]" onchange=" $('.filter-ajax-waiting').addClass('show');$(this).closest('form').submit();" id="frm-productFilter-brandConstraintForm-value-2629" value="2629" aria-label="!Lörch (1)">
                            <label for="frm-productFilter-brandConstraintForm-value-2629">Lörch (1)</label>
                        </div>


                                                         <div class="form-row" style="display: none;">
                            <input type="checkbox" name="value[]" onchange=" $('.filter-ajax-waiting').addClass('show');$(this).closest('form').submit();" id="frm-productFilter-brandConstraintForm-value-3077" value="3077" aria-label="!MG Gin (1)">
                            <label for="frm-productFilter-brandConstraintForm-value-3077">MG Gin (1)</label>
                        </div>


                                                         <div class="form-row" style="display: none;">
                            <input type="checkbox" name="value[]" onchange=" $('.filter-ajax-waiting').addClass('show');$(this).closest('form').submit();" id="frm-productFilter-brandConstraintForm-value-3324" value="3324" aria-label="!Macallan (1)">
                            <label for="frm-productFilter-brandConstraintForm-value-3324">Macallan (1)</label>
                        </div>


                                                         <div class="form-row" style="display: none;">
                            <input type="checkbox" name="value[]" onchange=" $('.filter-ajax-waiting').addClass('show');$(this).closest('form').submit();" id="frm-productFilter-brandConstraintForm-value-976" value="976" aria-label="!Magister (1)">
                            <label for="frm-productFilter-brandConstraintForm-value-976">Magister (1)</label>
                        </div>


                                                         <div class="form-row" style="display: none;">
                            <input type="checkbox" name="value[]" onchange=" $('.filter-ajax-waiting').addClass('show');$(this).closest('form').submit();" id="frm-productFilter-brandConstraintForm-value-398" value="398" aria-label="!Magnesia (13)">
                            <label for="frm-productFilter-brandConstraintForm-value-398">Magnesia (13)</label>
                        </div>


                                                         <div class="form-row" style="display: none;">
                            <input type="checkbox" name="value[]" onchange=" $('.filter-ajax-waiting').addClass('show');$(this).closest('form').submit();" id="frm-productFilter-brandConstraintForm-value-2503" value="2503" aria-label="!Maisel &amp; Friends (3)">
                            <label for="frm-productFilter-brandConstraintForm-value-2503">Maisel &amp; Friends (3)</label>
                        </div>


                                                         <div class="form-row" style="display: none;">
                            <input type="checkbox" name="value[]" onchange=" $('.filter-ajax-waiting').addClass('show');$(this).closest('form').submit();" id="frm-productFilter-brandConstraintForm-value-2282" value="2282" aria-label="!Maisel's (6)">
                            <label for="frm-productFilter-brandConstraintForm-value-2282">Maisel's (6)</label>
                        </div>


                                                         <div class="form-row" style="display: none;">
                            <input type="checkbox" name="value[]" onchange=" $('.filter-ajax-waiting').addClass('show');$(this).closest('form').submit();" id="frm-productFilter-brandConstraintForm-value-2299" value="2299" aria-label="!Maison Castel (3)">
                            <label for="frm-productFilter-brandConstraintForm-value-2299">Maison Castel (3)</label>
                        </div>


                                                         <div class="form-row" style="display: none;">
                            <input type="checkbox" name="value[]" onchange=" $('.filter-ajax-waiting').addClass('show');$(this).closest('form').submit();" id="frm-productFilter-brandConstraintForm-value-3001" value="3001" aria-label="!Makers Mark (1)">
                            <label for="frm-productFilter-brandConstraintForm-value-3001">Makers Mark (1)</label>
                        </div>


                                                         <div class="form-row" style="display: none;">
                            <input type="checkbox" name="value[]" onchange=" $('.filter-ajax-waiting').addClass('show');$(this).closest('form').submit();" id="frm-productFilter-brandConstraintForm-value-556" value="556" aria-label="!Malibu (2)">
                            <label for="frm-productFilter-brandConstraintForm-value-556">Malibu (2)</label>
                        </div>


                                                         <div class="form-row" style="display: none;">
                            <input type="checkbox" name="value[]" onchange=" $('.filter-ajax-waiting').addClass('show');$(this).closest('form').submit();" id="frm-productFilter-brandConstraintForm-value-2221" value="2221" aria-label="!Mamacoffee (12)">
                            <label for="frm-productFilter-brandConstraintForm-value-2221">Mamacoffee (12)</label>
                        </div>


                                                         <div class="form-row" style="display: none;">
                            <input type="checkbox" name="value[]" onchange=" $('.filter-ajax-waiting').addClass('show');$(this).closest('form').submit();" id="frm-productFilter-brandConstraintForm-value-365" value="365" aria-label="!Marila (2)">
                            <label for="frm-productFilter-brandConstraintForm-value-365">Marila (2)</label>
                        </div>


                                                         <div class="form-row" style="display: none;">
                            <input type="checkbox" name="value[]" onchange=" $('.filter-ajax-waiting').addClass('show');$(this).closest('form').submit();" id="frm-productFilter-brandConstraintForm-value-2712" value="2712" aria-label="!Marqués Campoalto (2)">
                            <label for="frm-productFilter-brandConstraintForm-value-2712">Marqués Campoalto (2)</label>
                        </div>


                                                         <div class="form-row" style="display: none;">
                            <input type="checkbox" name="value[]" onchange=" $('.filter-ajax-waiting').addClass('show');$(this).closest('form').submit();" id="frm-productFilter-brandConstraintForm-value-3535" value="3535" aria-label="!Marsala (2)">
                            <label for="frm-productFilter-brandConstraintForm-value-3535">Marsala (2)</label>
                        </div>


                                                         <div class="form-row" style="display: none;">
                            <input type="checkbox" name="value[]" onchange=" $('.filter-ajax-waiting').addClass('show');$(this).closest('form').submit();" id="frm-productFilter-brandConstraintForm-value-2974" value="2974" aria-label="!Martell (2)">
                            <label for="frm-productFilter-brandConstraintForm-value-2974">Martell (2)</label>
                        </div>


                                                         <div class="form-row" style="display: none;">
                            <input type="checkbox" name="value[]" onchange=" $('.filter-ajax-waiting').addClass('show');$(this).closest('form').submit();" id="frm-productFilter-brandConstraintForm-value-487" value="487" aria-label="!Martini (11)">
                            <label for="frm-productFilter-brandConstraintForm-value-487">Martini (11)</label>
                        </div>


                                                         <div class="form-row" style="display: none;">
                            <input type="checkbox" name="value[]" onchange=" $('.filter-ajax-waiting').addClass('show');$(this).closest('form').submit();" id="frm-productFilter-brandConstraintForm-value-3078" value="3078" aria-label="!Master's (1)">
                            <label for="frm-productFilter-brandConstraintForm-value-3078">Master's (1)</label>
                        </div>


                                                         <div class="form-row" style="display: none;">
                            <input type="checkbox" name="value[]" onchange=" $('.filter-ajax-waiting').addClass('show');$(this).closest('form').submit();" id="frm-productFilter-brandConstraintForm-value-3058" value="3058" aria-label="!Matcha (2)">
                            <label for="frm-productFilter-brandConstraintForm-value-3058">Matcha (2)</label>
                        </div>


                                                         <div class="form-row" style="display: none;">
                            <input type="checkbox" name="value[]" onchange=" $('.filter-ajax-waiting').addClass('show');$(this).closest('form').submit();" id="frm-productFilter-brandConstraintForm-value-2474" value="2474" aria-label="!Mateus (2)">
                            <label for="frm-productFilter-brandConstraintForm-value-2474">Mateus (2)</label>
                        </div>


                            <div class="form-row">
                            <input type="checkbox" name="value[]" onchange=" $('.filter-ajax-waiting').addClass('show');$(this).closest('form').submit();" id="frm-productFilter-brandConstraintForm-value-399" value="399" aria-label="!Mattoni (44)">
                            <label for="frm-productFilter-brandConstraintForm-value-399">Mattoni (44)</label>
                        </div>


                                                         <div class="form-row" style="display: none;">
                            <input type="checkbox" name="value[]" onchange=" $('.filter-ajax-waiting').addClass('show');$(this).closest('form').submit();" id="frm-productFilter-brandConstraintForm-value-2457" value="2457" aria-label="!Matua (1)">
                            <label for="frm-productFilter-brandConstraintForm-value-2457">Matua (1)</label>
                        </div>


                                                         <div class="form-row" style="display: none;">
                            <input type="checkbox" name="value[]" onchange=" $('.filter-ajax-waiting').addClass('show');$(this).closest('form').submit();" id="frm-productFilter-brandConstraintForm-value-3159" value="3159" aria-label="!Mautner Markhof (2)">
                            <label for="frm-productFilter-brandConstraintForm-value-3159">Mautner Markhof (2)</label>
                        </div>


                                                         <div class="form-row" style="display: none;">
                            <input type="checkbox" name="value[]" onchange=" $('.filter-ajax-waiting').addClass('show');$(this).closest('form').submit();" id="frm-productFilter-brandConstraintForm-value-105" value="105" aria-label="!Meggle (1)">
                            <label for="frm-productFilter-brandConstraintForm-value-105">Meggle (1)</label>
                        </div>


                                                         <div class="form-row" style="display: none;">
                            <input type="checkbox" name="value[]" onchange=" $('.filter-ajax-waiting').addClass('show');$(this).closest('form').submit();" id="frm-productFilter-brandConstraintForm-value-2691" value="2691" aria-label="!Menestrello (1)">
                            <label for="frm-productFilter-brandConstraintForm-value-2691">Menestrello (1)</label>
                        </div>


                                                         <div class="form-row" style="display: none;">
                            <input type="checkbox" name="value[]" onchange=" $('.filter-ajax-waiting').addClass('show');$(this).closest('form').submit();" id="frm-productFilter-brandConstraintForm-value-496" value="496" aria-label="!Metaxa (7)">
                            <label for="frm-productFilter-brandConstraintForm-value-496">Metaxa (7)</label>
                        </div>


                                                         <div class="form-row" style="display: none;">
                            <input type="checkbox" name="value[]" onchange=" $('.filter-ajax-waiting').addClass('show');$(this).closest('form').submit();" id="frm-productFilter-brandConstraintForm-value-567" value="567" aria-label="!Metelka (3)">
                            <label for="frm-productFilter-brandConstraintForm-value-567">Metelka (3)</label>
                        </div>


                                                         <div class="form-row" style="display: none;">
                            <input type="checkbox" name="value[]" onchange=" $('.filter-ajax-waiting').addClass('show');$(this).closest('form').submit();" id="frm-productFilter-brandConstraintForm-value-3251" value="3251" aria-label="!Michel Torino (6)">
                            <label for="frm-productFilter-brandConstraintForm-value-3251">Michel Torino (6)</label>
                        </div>


                                                         <div class="form-row" style="display: none;">
                            <input type="checkbox" name="value[]" onchange=" $('.filter-ajax-waiting').addClass('show');$(this).closest('form').submit();" id="frm-productFilter-brandConstraintForm-value-2847" value="2847" aria-label="!Michelangelo (1)">
                            <label for="frm-productFilter-brandConstraintForm-value-2847">Michelangelo (1)</label>
                        </div>


                                                         <div class="form-row" style="display: none;">
                            <input type="checkbox" name="value[]" onchange=" $('.filter-ajax-waiting').addClass('show');$(this).closest('form').submit();" id="frm-productFilter-brandConstraintForm-value-2652" value="2652" aria-label="!Mikrosvín Mikulov (13)">
                            <label for="frm-productFilter-brandConstraintForm-value-2652">Mikrosvín Mikulov (13)</label>
                        </div>


                                                         <div class="form-row" style="display: none;">
                            <input type="checkbox" name="value[]" onchange=" $('.filter-ajax-waiting').addClass('show');$(this).closest('form').submit();" id="frm-productFilter-brandConstraintForm-value-1707" value="1707" aria-label="!Mikulov (4)">
                            <label for="frm-productFilter-brandConstraintForm-value-1707">Mikulov (4)</label>
                        </div>


                                                         <div class="form-row" style="display: none;">
                            <input type="checkbox" name="value[]" onchange=" $('.filter-ajax-waiting').addClass('show');$(this).closest('form').submit();" id="frm-productFilter-brandConstraintForm-value-992" value="992" aria-label="!Milford (9)">
                            <label for="frm-productFilter-brandConstraintForm-value-992">Milford (9)</label>
                        </div>


                                                         <div class="form-row" style="display: none;">
                            <input type="checkbox" name="value[]" onchange=" $('.filter-ajax-waiting').addClass('show');$(this).closest('form').submit();" id="frm-productFilter-brandConstraintForm-value-1542" value="1542" aria-label="!Mionetto (4)">
                            <label for="frm-productFilter-brandConstraintForm-value-1542">Mionetto (4)</label>
                        </div>


                                                         <div class="form-row" style="display: none;">
                            <input type="checkbox" name="value[]" onchange=" $('.filter-ajax-waiting').addClass('show');$(this).closest('form').submit();" id="frm-productFilter-brandConstraintForm-value-424" value="424" aria-label="!Mirinda (6)">
                            <label for="frm-productFilter-brandConstraintForm-value-424">Mirinda (6)</label>
                        </div>


                                                         <div class="form-row" style="display: none;">
                            <input type="checkbox" name="value[]" onchange=" $('.filter-ajax-waiting').addClass('show');$(this).closest('form').submit();" id="frm-productFilter-brandConstraintForm-value-574" value="574" aria-label="!Missis (5)">
                            <label for="frm-productFilter-brandConstraintForm-value-574">Missis (5)</label>
                        </div>


                                                         <div class="form-row" style="display: none;">
                            <input type="checkbox" name="value[]" onchange=" $('.filter-ajax-waiting').addClass('show');$(this).closest('form').submit();" id="frm-productFilter-brandConstraintForm-value-3495" value="3495" aria-label="!Mlýnský pramen (1)">
                            <label for="frm-productFilter-brandConstraintForm-value-3495">Mlýnský pramen (1)</label>
                        </div>


                                                         <div class="form-row" style="display: none;">
                            <input type="checkbox" name="value[]" onchange=" $('.filter-ajax-waiting').addClass('show');$(this).closest('form').submit();" id="frm-productFilter-brandConstraintForm-value-374" value="374" aria-label="!Mokate (1)">
                            <label for="frm-productFilter-brandConstraintForm-value-374">Mokate (1)</label>
                        </div>


                                                         <div class="form-row" style="display: none;">
                            <input type="checkbox" name="value[]" onchange=" $('.filter-ajax-waiting').addClass('show');$(this).closest('form').submit();" id="frm-productFilter-brandConstraintForm-value-957" value="957" aria-label="!Monin (27)">
                            <label for="frm-productFilter-brandConstraintForm-value-957">Monin (27)</label>
                        </div>


                                                         <div class="form-row" style="display: none;">
                            <input type="checkbox" name="value[]" onchange=" $('.filter-ajax-waiting').addClass('show');$(this).closest('form').submit();" id="frm-productFilter-brandConstraintForm-value-430" value="430" aria-label="!Monster Energy (3)">
                            <label for="frm-productFilter-brandConstraintForm-value-430">Monster Energy (3)</label>
                        </div>


                                                         <div class="form-row" style="display: none;">
                            <input type="checkbox" name="value[]" onchange=" $('.filter-ajax-waiting').addClass('show');$(this).closest('form').submit();" id="frm-productFilter-brandConstraintForm-value-1813" value="1813" aria-label="!Moscato (4)">
                            <label for="frm-productFilter-brandConstraintForm-value-1813">Moscato (4)</label>
                        </div>


                                                         <div class="form-row" style="display: none;">
                            <input type="checkbox" name="value[]" onchange=" $('.filter-ajax-waiting').addClass('show');$(this).closest('form').submit();" id="frm-productFilter-brandConstraintForm-value-2262" value="2262" aria-label="!Mountain Dew (1)">
                            <label for="frm-productFilter-brandConstraintForm-value-2262">Mountain Dew (1)</label>
                        </div>


                                                         <div class="form-row" style="display: none;">
                            <input type="checkbox" name="value[]" onchange=" $('.filter-ajax-waiting').addClass('show');$(this).closest('form').submit();" id="frm-productFilter-brandConstraintForm-value-488" value="488" aria-label="!Moët &amp; Chandon (1)">
                            <label for="frm-productFilter-brandConstraintForm-value-488">Moët &amp; Chandon (1)</label>
                        </div>


                                                         <div class="form-row" style="display: none;">
                            <input type="checkbox" name="value[]" onchange=" $('.filter-ajax-waiting').addClass('show');$(this).closest('form').submit();" id="frm-productFilter-brandConstraintForm-value-2861" value="2861" aria-label="!Moštovna Lažany (19)">
                            <label for="frm-productFilter-brandConstraintForm-value-2861">Moštovna Lažany (19)</label>
                        </div>


                                                         <div class="form-row" style="display: none;">
                            <input type="checkbox" name="value[]" onchange=" $('.filter-ajax-waiting').addClass('show');$(this).closest('form').submit();" id="frm-productFilter-brandConstraintForm-value-1591" value="1591" aria-label="!Moštárna Hostětín (1)">
                            <label for="frm-productFilter-brandConstraintForm-value-1591">Moštárna Hostětín (1)</label>
                        </div>


                            <div class="form-row">
                            <input type="checkbox" name="value[]" onchange=" $('.filter-ajax-waiting').addClass('show');$(this).closest('form').submit();" id="frm-productFilter-brandConstraintForm-value-3167" value="3167" aria-label="!Moštárna Louny (49)">
                            <label for="frm-productFilter-brandConstraintForm-value-3167">Moštárna Louny (49)</label>
                        </div>


                                                         <div class="form-row" style="display: none;">
                            <input type="checkbox" name="value[]" onchange=" $('.filter-ajax-waiting').addClass('show');$(this).closest('form').submit();" id="frm-productFilter-brandConstraintForm-value-431" value="431" aria-label="!Mr. Brown (9)">
                            <label for="frm-productFilter-brandConstraintForm-value-431">Mr. Brown (9)</label>
                        </div>


                                                         <div class="form-row" style="display: none;">
                            <input type="checkbox" name="value[]" onchange=" $('.filter-ajax-waiting').addClass('show');$(this).closest('form').submit();" id="frm-productFilter-brandConstraintForm-value-489" value="489" aria-label="!Mucha (5)">
                            <label for="frm-productFilter-brandConstraintForm-value-489">Mucha (5)</label>
                        </div>


                                                         <div class="form-row" style="display: none;">
                            <input type="checkbox" name="value[]" onchange=" $('.filter-ajax-waiting').addClass('show');$(this).closest('form').submit();" id="frm-productFilter-brandConstraintForm-value-3020" value="3020" aria-label="!Mövenpick (10)">
                            <label for="frm-productFilter-brandConstraintForm-value-3020">Mövenpick (10)</label>
                        </div>


                                                         <div class="form-row" style="display: none;">
                            <input type="checkbox" name="value[]" onchange=" $('.filter-ajax-waiting').addClass('show');$(this).closest('form').submit();" id="frm-productFilter-brandConstraintForm-value-3018" value="3018" aria-label="!NN (2)">
                            <label for="frm-productFilter-brandConstraintForm-value-3018">NN (2)</label>
                        </div>


                                                         <div class="form-row" style="display: none;">
                            <input type="checkbox" name="value[]" onchange=" $('.filter-ajax-waiting').addClass('show');$(this).closest('form').submit();" id="frm-productFilter-brandConstraintForm-value-2952" value="2952" aria-label="!NU (6)">
                            <label for="frm-productFilter-brandConstraintForm-value-2952">NU (6)</label>
                        </div>


                                                         <div class="form-row" style="display: none;">
                            <input type="checkbox" name="value[]" onchange=" $('.filter-ajax-waiting').addClass('show');$(this).closest('form').submit();" id="frm-productFilter-brandConstraintForm-value-1082" value="1082" aria-label="!Negrita (1)">
                            <label for="frm-productFilter-brandConstraintForm-value-1082">Negrita (1)</label>
                        </div>


                                                         <div class="form-row" style="display: none;">
                            <input type="checkbox" name="value[]" onchange=" $('.filter-ajax-waiting').addClass('show');$(this).closest('form').submit();" id="frm-productFilter-brandConstraintForm-value-373" value="373" aria-label="!Nescafé (37)">
                            <label for="frm-productFilter-brandConstraintForm-value-373">Nescafé (37)</label>
                        </div>


                                                         <div class="form-row" style="display: none;">
                            <input type="checkbox" name="value[]" onchange=" $('.filter-ajax-waiting').addClass('show');$(this).closest('form').submit();" id="frm-productFilter-brandConstraintForm-value-407" value="407" aria-label="!Nestea (14)">
                            <label for="frm-productFilter-brandConstraintForm-value-407">Nestea (14)</label>
                        </div>


                                                         <div class="form-row" style="display: none;">
                            <input type="checkbox" name="value[]" onchange=" $('.filter-ajax-waiting').addClass('show');$(this).closest('form').submit();" id="frm-productFilter-brandConstraintForm-value-170" value="170" aria-label="!Nestlé (4)">
                            <label for="frm-productFilter-brandConstraintForm-value-170">Nestlé (4)</label>
                        </div>


                                                         <div class="form-row" style="display: none;">
                            <input type="checkbox" name="value[]" onchange=" $('.filter-ajax-waiting').addClass('show');$(this).closest('form').submit();" id="frm-productFilter-brandConstraintForm-value-1254" value="1254" aria-label="!Next Kangaroo (2)">
                            <label for="frm-productFilter-brandConstraintForm-value-1254">Next Kangaroo (2)</label>
                        </div>


                                                         <div class="form-row" style="display: none;">
                            <input type="checkbox" name="value[]" onchange=" $('.filter-ajax-waiting').addClass('show');$(this).closest('form').submit();" id="frm-productFilter-brandConstraintForm-value-523" value="523" aria-label="!Nordic Ice (2)">
                            <label for="frm-productFilter-brandConstraintForm-value-523">Nordic Ice (2)</label>
                        </div>


                                                         <div class="form-row" style="display: none;">
                            <input type="checkbox" name="value[]" onchange=" $('.filter-ajax-waiting').addClass('show');$(this).closest('form').submit();" id="frm-productFilter-brandConstraintForm-value-2713" value="2713" aria-label="!Nos Racines (1)">
                            <label for="frm-productFilter-brandConstraintForm-value-2713">Nos Racines (1)</label>
                        </div>


                                                         <div class="form-row" style="display: none;">
                            <input type="checkbox" name="value[]" onchange=" $('.filter-ajax-waiting').addClass('show');$(this).closest('form').submit();" id="frm-productFilter-brandConstraintForm-value-3398" value="3398" aria-label="!Nové vinařství Cépage (3)">
                            <label for="frm-productFilter-brandConstraintForm-value-3398">Nové vinařství Cépage (3)</label>
                        </div>


                                                         <div class="form-row" style="display: none;">
                            <input type="checkbox" name="value[]" onchange=" $('.filter-ajax-waiting').addClass('show');$(this).closest('form').submit();" id="frm-productFilter-brandConstraintForm-value-1540" value="1540" aria-label="!Nutrend (3)">
                            <label for="frm-productFilter-brandConstraintForm-value-1540">Nutrend (3)</label>
                        </div>


                                                         <div class="form-row" style="display: none;">
                            <input type="checkbox" name="value[]" onchange=" $('.filter-ajax-waiting').addClass('show');$(this).closest('form').submit();" id="frm-productFilter-brandConstraintForm-value-874" value="874" aria-label="!OKF (4)">
                            <label for="frm-productFilter-brandConstraintForm-value-874">OKF (4)</label>
                        </div>


                                                         <div class="form-row" style="display: none;">
                            <input type="checkbox" name="value[]" onchange=" $('.filter-ajax-waiting').addClass('show');$(this).closest('form').submit();" id="frm-productFilter-brandConstraintForm-value-2444" value="2444" aria-label="!OPI (1)">
                            <label for="frm-productFilter-brandConstraintForm-value-2444">OPI (1)</label>
                        </div>


                                                         <div class="form-row" style="display: none;">
                            <input type="checkbox" name="value[]" onchange=" $('.filter-ajax-waiting').addClass('show');$(this).closest('form').submit();" id="frm-productFilter-brandConstraintForm-value-172" value="172" aria-label="!ORION (4)">
                            <label for="frm-productFilter-brandConstraintForm-value-172">ORION (4)</label>
                        </div>


                                                         <div class="form-row" style="display: none;">
                            <input type="checkbox" name="value[]" onchange=" $('.filter-ajax-waiting').addClass('show');$(this).closest('form').submit();" id="frm-productFilter-brandConstraintForm-value-576" value="576" aria-label="!Old Distillerie (2)">
                            <label for="frm-productFilter-brandConstraintForm-value-576">Old Distillerie (2)</label>
                        </div>


                                                         <div class="form-row" style="display: none;">
                            <input type="checkbox" name="value[]" onchange=" $('.filter-ajax-waiting').addClass('show');$(this).closest('form').submit();" id="frm-productFilter-brandConstraintForm-value-1608" value="1608" aria-label="!Old England (3)">
                            <label for="frm-productFilter-brandConstraintForm-value-1608">Old England (3)</label>
                        </div>


                                                         <div class="form-row" style="display: none;">
                            <input type="checkbox" name="value[]" onchange=" $('.filter-ajax-waiting').addClass('show');$(this).closest('form').submit();" id="frm-productFilter-brandConstraintForm-value-551" value="551" aria-label="!Old Porter (5)">
                            <label for="frm-productFilter-brandConstraintForm-value-551">Old Porter (5)</label>
                        </div>


                                                         <div class="form-row" style="display: none;">
                            <input type="checkbox" name="value[]" onchange=" $('.filter-ajax-waiting').addClass('show');$(this).closest('form').submit();" id="frm-productFilter-brandConstraintForm-value-2633" value="2633" aria-label="!Olé Mexicana (2)">
                            <label for="frm-productFilter-brandConstraintForm-value-2633">Olé Mexicana (2)</label>
                        </div>


                                                         <div class="form-row" style="display: none;">
                            <input type="checkbox" name="value[]" onchange=" $('.filter-ajax-waiting').addClass('show');$(this).closest('form').submit();" id="frm-productFilter-brandConstraintForm-value-2499" value="2499" aria-label="!Ondrášovka (10)">
                            <label for="frm-productFilter-brandConstraintForm-value-2499">Ondrášovka (10)</label>
                        </div>


                                                         <div class="form-row" style="display: none;">
                            <input type="checkbox" name="value[]" onchange=" $('.filter-ajax-waiting').addClass('show');$(this).closest('form').submit();" id="frm-productFilter-brandConstraintForm-value-425" value="425" aria-label="!Orangina (1)">
                            <label for="frm-productFilter-brandConstraintForm-value-425">Orangina (1)</label>
                        </div>


                                                         <div class="form-row" style="display: none;">
                            <input type="checkbox" name="value[]" onchange=" $('.filter-ajax-waiting').addClass('show');$(this).closest('form').submit();" id="frm-productFilter-brandConstraintForm-value-631" value="631" aria-label="!Original River (2)">
                            <label for="frm-productFilter-brandConstraintForm-value-631">Original River (2)</label>
                        </div>


                                                         <div class="form-row" style="display: none;">
                            <input type="checkbox" name="value[]" onchange=" $('.filter-ajax-waiting').addClass('show');$(this).closest('form').submit();" id="frm-productFilter-brandConstraintForm-value-2646" value="2646" aria-label="!Osborne (1)">
                            <label for="frm-productFilter-brandConstraintForm-value-2646">Osborne (1)</label>
                        </div>


                                                         <div class="form-row" style="display: none;">
                            <input type="checkbox" name="value[]" onchange=" $('.filter-ajax-waiting').addClass('show');$(this).closest('form').submit();" id="frm-productFilter-brandConstraintForm-value-2426" value="2426" aria-label="!Ostravar (3)">
                            <label for="frm-productFilter-brandConstraintForm-value-2426">Ostravar (3)</label>
                        </div>


                                                         <div class="form-row" style="display: none;">
                            <input type="checkbox" name="value[]" onchange=" $('.filter-ajax-waiting').addClass('show');$(this).closest('form').submit();" id="frm-productFilter-brandConstraintForm-value-2253" value="2253" aria-label="!Ovocňák (25)">
                            <label for="frm-productFilter-brandConstraintForm-value-2253">Ovocňák (25)</label>
                        </div>


                                                         <div class="form-row" style="display: none;">
                            <input type="checkbox" name="value[]" onchange=" $('.filter-ajax-waiting').addClass('show');$(this).closest('form').submit();" id="frm-productFilter-brandConstraintForm-value-2715" value="2715" aria-label="!PETER &amp; PETER (2)">
                            <label for="frm-productFilter-brandConstraintForm-value-2715">PETER &amp; PETER (2)</label>
                        </div>


                                                         <div class="form-row" style="display: none;">
                            <input type="checkbox" name="value[]" onchange=" $('.filter-ajax-waiting').addClass('show');$(this).closest('form').submit();" id="frm-productFilter-brandConstraintForm-value-3435" value="3435" aria-label="!Paddy (2)">
                            <label for="frm-productFilter-brandConstraintForm-value-3435">Paddy (2)</label>
                        </div>


                                                         <div class="form-row" style="display: none;">
                            <input type="checkbox" name="value[]" onchange=" $('.filter-ajax-waiting').addClass('show');$(this).closest('form').submit();" id="frm-productFilter-brandConstraintForm-value-2647" value="2647" aria-label="!Palais de France (3)">
                            <label for="frm-productFilter-brandConstraintForm-value-2647">Palais de France (3)</label>
                        </div>


                                                         <div class="form-row" style="display: none;">
                            <input type="checkbox" name="value[]" onchange=" $('.filter-ajax-waiting').addClass('show');$(this).closest('form').submit();" id="frm-productFilter-brandConstraintForm-value-510" value="510" aria-label="!Palírna U Zeleného Stromu (2)">
                            <label for="frm-productFilter-brandConstraintForm-value-510">Palírna U Zeleného Stromu (2)</label>
                        </div>


                                                         <div class="form-row" style="display: none;">
                            <input type="checkbox" name="value[]" onchange=" $('.filter-ajax-waiting').addClass('show');$(this).closest('form').submit();" id="frm-productFilter-brandConstraintForm-value-3436" value="3436" aria-label="!Pampero (1)">
                            <label for="frm-productFilter-brandConstraintForm-value-3436">Pampero (1)</label>
                        </div>


                                                         <div class="form-row" style="display: none;">
                            <input type="checkbox" name="value[]" onchange=" $('.filter-ajax-waiting').addClass('show');$(this).closest('form').submit();" id="frm-productFilter-brandConstraintForm-value-580" value="580" aria-label="!Panda (9)">
                            <label for="frm-productFilter-brandConstraintForm-value-580">Panda (9)</label>
                        </div>


                                                         <div class="form-row" style="display: none;">
                            <input type="checkbox" name="value[]" onchange=" $('.filter-ajax-waiting').addClass('show');$(this).closest('form').submit();" id="frm-productFilter-brandConstraintForm-value-3280" value="3280" aria-label="!Panda Natur (1)">
                            <label for="frm-productFilter-brandConstraintForm-value-3280">Panda Natur (1)</label>
                        </div>


                                                         <div class="form-row" style="display: none;">
                            <input type="checkbox" name="value[]" onchange=" $('.filter-ajax-waiting').addClass('show');$(this).closest('form').submit();" id="frm-productFilter-brandConstraintForm-value-445" value="445" aria-label="!Pardál (4)">
                            <label for="frm-productFilter-brandConstraintForm-value-445">Pardál (4)</label>
                        </div>


                                                         <div class="form-row" style="display: none;">
                            <input type="checkbox" name="value[]" onchange=" $('.filter-ajax-waiting').addClass('show');$(this).closest('form').submit();" id="frm-productFilter-brandConstraintForm-value-2294" value="2294" aria-label="!Pares Balta (3)">
                            <label for="frm-productFilter-brandConstraintForm-value-2294">Pares Balta (3)</label>
                        </div>


                                                         <div class="form-row" style="display: none;">
                            <input type="checkbox" name="value[]" onchange=" $('.filter-ajax-waiting').addClass('show');$(this).closest('form').submit();" id="frm-productFilter-brandConstraintForm-value-3233" value="3233" aria-label="!Paul Mas (1)">
                            <label for="frm-productFilter-brandConstraintForm-value-3233">Paul Mas (1)</label>
                        </div>


                                                         <div class="form-row" style="display: none;">
                            <input type="checkbox" name="value[]" onchange=" $('.filter-ajax-waiting').addClass('show');$(this).closest('form').submit();" id="frm-productFilter-brandConstraintForm-value-881" value="881" aria-label="!Pemap (1)">
                            <label for="frm-productFilter-brandConstraintForm-value-881">Pemap (1)</label>
                        </div>


                                                         <div class="form-row" style="display: none;">
                            <input type="checkbox" name="value[]" onchange=" $('.filter-ajax-waiting').addClass('show');$(this).closest('form').submit();" id="frm-productFilter-brandConstraintForm-value-3397" value="3397" aria-label="!Pepe Coffee (2)">
                            <label for="frm-productFilter-brandConstraintForm-value-3397">Pepe Coffee (2)</label>
                        </div>


                                                         <div class="form-row" style="display: none;">
                            <input type="checkbox" name="value[]" onchange=" $('.filter-ajax-waiting').addClass('show');$(this).closest('form').submit();" id="frm-productFilter-brandConstraintForm-value-3353" value="3353" aria-label="!Pepe Lopez (2)">
                            <label for="frm-productFilter-brandConstraintForm-value-3353">Pepe Lopez (2)</label>
                        </div>


                                                         <div class="form-row" style="display: none;">
                            <input type="checkbox" name="value[]" onchange=" $('.filter-ajax-waiting').addClass('show');$(this).closest('form').submit();" id="frm-productFilter-brandConstraintForm-value-412" value="412" aria-label="!Pepsi (10)">
                            <label for="frm-productFilter-brandConstraintForm-value-412">Pepsi (10)</label>
                        </div>


                                                         <div class="form-row" style="display: none;">
                            <input type="checkbox" name="value[]" onchange=" $('.filter-ajax-waiting').addClass('show');$(this).closest('form').submit();" id="frm-productFilter-brandConstraintForm-value-2257" value="2257" aria-label="!Permon (3)">
                            <label for="frm-productFilter-brandConstraintForm-value-2257">Permon (3)</label>
                        </div>


                                                         <div class="form-row" style="display: none;">
                            <input type="checkbox" name="value[]" onchange=" $('.filter-ajax-waiting').addClass('show');$(this).closest('form').submit();" id="frm-productFilter-brandConstraintForm-value-628" value="628" aria-label="!Perrier (10)">
                            <label for="frm-productFilter-brandConstraintForm-value-628">Perrier (10)</label>
                        </div>


                                                         <div class="form-row" style="display: none;">
                            <input type="checkbox" name="value[]" onchange=" $('.filter-ajax-waiting').addClass('show');$(this).closest('form').submit();" id="frm-productFilter-brandConstraintForm-value-3533" value="3533" aria-label="!Peter Yealands (4)">
                            <label for="frm-productFilter-brandConstraintForm-value-3533">Peter Yealands (4)</label>
                        </div>


                                                         <div class="form-row" style="display: none;">
                            <input type="checkbox" name="value[]" onchange=" $('.filter-ajax-waiting').addClass('show');$(this).closest('form').submit();" id="frm-productFilter-brandConstraintForm-value-3485" value="3485" aria-label="!Petit Frere (1)">
                            <label for="frm-productFilter-brandConstraintForm-value-3485">Petit Frere (1)</label>
                        </div>


                            <div class="form-row">
                            <input type="checkbox" name="value[]" onchange=" $('.filter-ajax-waiting').addClass('show');$(this).closest('form').submit();" id="frm-productFilter-brandConstraintForm-value-324" value="324" aria-label="!Pfanner (41)">
                            <label for="frm-productFilter-brandConstraintForm-value-324">Pfanner (41)</label>
                        </div>


                                                         <div class="form-row" style="display: none;">
                            <input type="checkbox" name="value[]" onchange=" $('.filter-ajax-waiting').addClass('show');$(this).closest('form').submit();" id="frm-productFilter-brandConstraintForm-value-357" value="357" aria-label="!Pickwick (32)">
                            <label for="frm-productFilter-brandConstraintForm-value-357">Pickwick (32)</label>
                        </div>


                                                         <div class="form-row" style="display: none;">
                            <input type="checkbox" name="value[]" onchange=" $('.filter-ajax-waiting').addClass('show');$(this).closest('form').submit();" id="frm-productFilter-brandConstraintForm-value-2484" value="2484" aria-label="!Pierre Brévin (1)">
                            <label for="frm-productFilter-brandConstraintForm-value-2484">Pierre Brévin (1)</label>
                        </div>


                                                         <div class="form-row" style="display: none;">
                            <input type="checkbox" name="value[]" onchange=" $('.filter-ajax-waiting').addClass('show');$(this).closest('form').submit();" id="frm-productFilter-brandConstraintForm-value-453" value="453" aria-label="!Pilsner Urquell (10)">
                            <label for="frm-productFilter-brandConstraintForm-value-453">Pilsner Urquell (10)</label>
                        </div>


                                                         <div class="form-row" style="display: none;">
                            <input type="checkbox" name="value[]" onchange=" $('.filter-ajax-waiting').addClass('show');$(this).closest('form').submit();" id="frm-productFilter-brandConstraintForm-value-3312" value="3312" aria-label="!Piper-Heidsieck (1)">
                            <label for="frm-productFilter-brandConstraintForm-value-3312">Piper-Heidsieck (1)</label>
                        </div>


                                                         <div class="form-row" style="display: none;">
                            <input type="checkbox" name="value[]" onchange=" $('.filter-ajax-waiting').addClass('show');$(this).closest('form').submit();" id="frm-productFilter-brandConstraintForm-value-3002" value="3002" aria-label="!Pitú Cachaca                                                (1)">
                            <label for="frm-productFilter-brandConstraintForm-value-3002">Pitú Cachaca                                                (1)</label>
                        </div>


                                                         <div class="form-row" style="display: none;">
                            <input type="checkbox" name="value[]" onchange=" $('.filter-ajax-waiting').addClass('show');$(this).closest('form').submit();" id="frm-productFilter-brandConstraintForm-value-2815" value="2815" aria-label="!Platan (4)">
                            <label for="frm-productFilter-brandConstraintForm-value-2815">Platan (4)</label>
                        </div>


                                                         <div class="form-row" style="display: none;">
                            <input type="checkbox" name="value[]" onchange=" $('.filter-ajax-waiting').addClass('show');$(this).closest('form').submit();" id="frm-productFilter-brandConstraintForm-value-897" value="897" aria-label="!Podorlická sodovkárna (12)">
                            <label for="frm-productFilter-brandConstraintForm-value-897">Podorlická sodovkárna (12)</label>
                        </div>


                                                         <div class="form-row" style="display: none;">
                            <input type="checkbox" name="value[]" onchange=" $('.filter-ajax-waiting').addClass('show');$(this).closest('form').submit();" id="frm-productFilter-brandConstraintForm-value-403" value="403" aria-label="!Poděbradka (25)">
                            <label for="frm-productFilter-brandConstraintForm-value-403">Poděbradka (25)</label>
                        </div>


                                                         <div class="form-row" style="display: none;">
                            <input type="checkbox" name="value[]" onchange=" $('.filter-ajax-waiting').addClass('show');$(this).closest('form').submit();" id="frm-productFilter-brandConstraintForm-value-3576" value="3576" aria-label="!Polabský Mošt (2)">
                            <label for="frm-productFilter-brandConstraintForm-value-3576">Polabský Mošt (2)</label>
                        </div>


                                                         <div class="form-row" style="display: none;">
                            <input type="checkbox" name="value[]" onchange=" $('.filter-ajax-waiting').addClass('show');$(this).closest('form').submit();" id="frm-productFilter-brandConstraintForm-value-2807" value="2807" aria-label="!Pomona (1)">
                            <label for="frm-productFilter-brandConstraintForm-value-2807">Pomona (1)</label>
                        </div>


                                                         <div class="form-row" style="display: none;">
                            <input type="checkbox" name="value[]" onchange=" $('.filter-ajax-waiting').addClass('show');$(this).closest('form').submit();" id="frm-productFilter-brandConstraintForm-value-2475" value="2475" aria-label="!Porto Valdouro (3)">
                            <label for="frm-productFilter-brandConstraintForm-value-2475">Porto Valdouro (3)</label>
                        </div>


                                                         <div class="form-row" style="display: none;">
                            <input type="checkbox" name="value[]" onchange=" $('.filter-ajax-waiting').addClass('show');$(this).closest('form').submit();" id="frm-productFilter-brandConstraintForm-value-1593" value="1593" aria-label="!Powerade (1)">
                            <label for="frm-productFilter-brandConstraintForm-value-1593">Powerade (1)</label>
                        </div>


                                                         <div class="form-row" style="display: none;">
                            <input type="checkbox" name="value[]" onchange=" $('.filter-ajax-waiting').addClass('show');$(this).closest('form').submit();" id="frm-productFilter-brandConstraintForm-value-3261" value="3261" aria-label="!Pradio (1)">
                            <label for="frm-productFilter-brandConstraintForm-value-3261">Pradio (1)</label>
                        </div>


                                                         <div class="form-row" style="display: none;">
                            <input type="checkbox" name="value[]" onchange=" $('.filter-ajax-waiting').addClass('show');$(this).closest('form').submit();" id="frm-productFilter-brandConstraintForm-value-524" value="524" aria-label="!Pražská (1)">
                            <label for="frm-productFilter-brandConstraintForm-value-524">Pražská (1)</label>
                        </div>


                                                         <div class="form-row" style="display: none;">
                            <input type="checkbox" name="value[]" onchange=" $('.filter-ajax-waiting').addClass('show');$(this).closest('form').submit();" id="frm-productFilter-brandConstraintForm-value-1065" value="1065" aria-label="!Primus (1)">
                            <label for="frm-productFilter-brandConstraintForm-value-1065">Primus (1)</label>
                        </div>


                                                         <div class="form-row" style="display: none;">
                            <input type="checkbox" name="value[]" onchange=" $('.filter-ajax-waiting').addClass('show');$(this).closest('form').submit();" id="frm-productFilter-brandConstraintForm-value-3227" value="3227" aria-label="!Probio (1)">
                            <label for="frm-productFilter-brandConstraintForm-value-3227">Probio (1)</label>
                        </div>


                                                         <div class="form-row" style="display: none;">
                            <input type="checkbox" name="value[]" onchange=" $('.filter-ajax-waiting').addClass('show');$(this).closest('form').submit();" id="frm-productFilter-brandConstraintForm-value-3527" value="3527" aria-label="!Protos (1)">
                            <label for="frm-productFilter-brandConstraintForm-value-3527">Protos (1)</label>
                        </div>


                                                         <div class="form-row" style="display: none;">
                            <input type="checkbox" name="value[]" onchange=" $('.filter-ajax-waiting').addClass('show');$(this).closest('form').submit();" id="frm-productFilter-brandConstraintForm-value-1045" value="1045" aria-label="!Pure (8)">
                            <label for="frm-productFilter-brandConstraintForm-value-1045">Pure (8)</label>
                        </div>


                                                         <div class="form-row" style="display: none;">
                            <input type="checkbox" name="value[]" onchange=" $('.filter-ajax-waiting').addClass('show');$(this).closest('form').submit();" id="frm-productFilter-brandConstraintForm-value-1142" value="1142" aria-label="!Puschkin (2)">
                            <label for="frm-productFilter-brandConstraintForm-value-1142">Puschkin (2)</label>
                        </div>


                                                         <div class="form-row" style="display: none;">
                            <input type="checkbox" name="value[]" onchange=" $('.filter-ajax-waiting').addClass('show');$(this).closest('form').submit();" id="frm-productFilter-brandConstraintForm-value-506" value="506" aria-label="!R. JELÍNEK (34)">
                            <label for="frm-productFilter-brandConstraintForm-value-506">R. JELÍNEK (34)</label>
                        </div>


                                                         <div class="form-row" style="display: none;">
                            <input type="checkbox" name="value[]" onchange=" $('.filter-ajax-waiting').addClass('show');$(this).closest('form').submit();" id="frm-productFilter-brandConstraintForm-value-413" value="413" aria-label="!RC Cola (1)">
                            <label for="frm-productFilter-brandConstraintForm-value-413">RC Cola (1)</label>
                        </div>


                                                         <div class="form-row" style="display: none;">
                            <input type="checkbox" name="value[]" onchange=" $('.filter-ajax-waiting').addClass('show');$(this).closest('form').submit();" id="frm-productFilter-brandConstraintForm-value-446" value="446" aria-label="!Radegast (8)">
                            <label for="frm-productFilter-brandConstraintForm-value-446">Radegast (8)</label>
                        </div>


                                                         <div class="form-row" style="display: none;">
                            <input type="checkbox" name="value[]" onchange=" $('.filter-ajax-waiting').addClass('show');$(this).closest('form').submit();" id="frm-productFilter-brandConstraintForm-value-3046" value="3046" aria-label="!Radenska (3)">
                            <label for="frm-productFilter-brandConstraintForm-value-3046">Radenska (3)</label>
                        </div>


                                                         <div class="form-row" style="display: none;">
                            <input type="checkbox" name="value[]" onchange=" $('.filter-ajax-waiting').addClass('show');$(this).closest('form').submit();" id="frm-productFilter-brandConstraintForm-value-400" value="400" aria-label="!Rajec (23)">
                            <label for="frm-productFilter-brandConstraintForm-value-400">Rajec (23)</label>
                        </div>


                                                         <div class="form-row" style="display: none;">
                            <input type="checkbox" name="value[]" onchange=" $('.filter-ajax-waiting').addClass('show');$(this).closest('form').submit();" id="frm-productFilter-brandConstraintForm-value-2970" value="2970" aria-label="!Ramazzotti (4)">
                            <label for="frm-productFilter-brandConstraintForm-value-2970">Ramazzotti (4)</label>
                        </div>


                                                         <div class="form-row" style="display: none;">
                            <input type="checkbox" name="value[]" onchange=" $('.filter-ajax-waiting').addClass('show');$(this).closest('form').submit();" id="frm-productFilter-brandConstraintForm-value-385" value="385" aria-label="!Rauch (37)">
                            <label for="frm-productFilter-brandConstraintForm-value-385">Rauch (37)</label>
                        </div>


                                                         <div class="form-row" style="display: none;">
                            <input type="checkbox" name="value[]" onchange=" $('.filter-ajax-waiting').addClass('show');$(this).closest('form').submit();" id="frm-productFilter-brandConstraintForm-value-414" value="414" aria-label="!Red Bull (7)">
                            <label for="frm-productFilter-brandConstraintForm-value-414">Red Bull (7)</label>
                        </div>


                                                         <div class="form-row" style="display: none;">
                            <input type="checkbox" name="value[]" onchange=" $('.filter-ajax-waiting').addClass('show');$(this).closest('form').submit();" id="frm-productFilter-brandConstraintForm-value-1146" value="1146" aria-label="!Red Label  (1)">
                            <label for="frm-productFilter-brandConstraintForm-value-1146">Red Label  (1)</label>
                        </div>


                                                         <div class="form-row" style="display: none;">
                            <input type="checkbox" name="value[]" onchange=" $('.filter-ajax-waiting').addClass('show');$(this).closest('form').submit();" id="frm-productFilter-brandConstraintForm-value-2443" value="2443" aria-label="!Redwood Park (1)">
                            <label for="frm-productFilter-brandConstraintForm-value-2443">Redwood Park (1)</label>
                        </div>


                                                         <div class="form-row" style="display: none;">
                            <input type="checkbox" name="value[]" onchange=" $('.filter-ajax-waiting').addClass('show');$(this).closest('form').submit();" id="frm-productFilter-brandConstraintForm-value-3465" value="3465" aria-label="!Reinhold Haart (1)">
                            <label for="frm-productFilter-brandConstraintForm-value-3465">Reinhold Haart (1)</label>
                        </div>


                                                         <div class="form-row" style="display: none;">
                            <input type="checkbox" name="value[]" onchange=" $('.filter-ajax-waiting').addClass('show');$(this).closest('form').submit();" id="frm-productFilter-brandConstraintForm-value-386" value="386" aria-label="!Relax (39)">
                            <label for="frm-productFilter-brandConstraintForm-value-386">Relax (39)</label>
                        </div>


                                                         <div class="form-row" style="display: none;">
                            <input type="checkbox" name="value[]" onchange=" $('.filter-ajax-waiting').addClass('show');$(this).closest('form').submit();" id="frm-productFilter-brandConstraintForm-value-2304" value="2304" aria-label="!Remillons (3)">
                            <label for="frm-productFilter-brandConstraintForm-value-2304">Remillons (3)</label>
                        </div>


                                                         <div class="form-row" style="display: none;">
                            <input type="checkbox" name="value[]" onchange=" $('.filter-ajax-waiting').addClass('show');$(this).closest('form').submit();" id="frm-productFilter-brandConstraintForm-value-974" value="974" aria-label="!Riemerschmid (1)">
                            <label for="frm-productFilter-brandConstraintForm-value-974">Riemerschmid (1)</label>
                        </div>


                                                         <div class="form-row" style="display: none;">
                            <input type="checkbox" name="value[]" onchange=" $('.filter-ajax-waiting').addClass('show');$(this).closest('form').submit();" id="frm-productFilter-brandConstraintForm-value-1675" value="1675" aria-label="!Rioba (5)">
                            <label for="frm-productFilter-brandConstraintForm-value-1675">Rioba (5)</label>
                        </div>


                                                         <div class="form-row" style="display: none;">
                            <input type="checkbox" name="value[]" onchange=" $('.filter-ajax-waiting').addClass('show');$(this).closest('form').submit();" id="frm-productFilter-brandConstraintForm-value-998" value="998" aria-label="!Riva (1)">
                            <label for="frm-productFilter-brandConstraintForm-value-998">Riva (1)</label>
                        </div>


                                                         <div class="form-row" style="display: none;">
                            <input type="checkbox" name="value[]" onchange=" $('.filter-ajax-waiting').addClass('show');$(this).closest('form').submit();" id="frm-productFilter-brandConstraintForm-value-2690" value="2690" aria-label="!Rivani (1)">
                            <label for="frm-productFilter-brandConstraintForm-value-2690">Rivani (1)</label>
                        </div>


                                                         <div class="form-row" style="display: none;">
                            <input type="checkbox" name="value[]" onchange=" $('.filter-ajax-waiting').addClass('show');$(this).closest('form').submit();" id="frm-productFilter-brandConstraintForm-value-395" value="395" aria-label="!Robby Bubble (7)">
                            <label for="frm-productFilter-brandConstraintForm-value-395">Robby Bubble (7)</label>
                        </div>


                                                         <div class="form-row" style="display: none;">
                            <input type="checkbox" name="value[]" onchange=" $('.filter-ajax-waiting').addClass('show');$(this).closest('form').submit();" id="frm-productFilter-brandConstraintForm-value-2305" value="2305" aria-label="!Roche Mazet (3)">
                            <label for="frm-productFilter-brandConstraintForm-value-2305">Roche Mazet (3)</label>
                        </div>


                                                         <div class="form-row" style="display: none;">
                            <input type="checkbox" name="value[]" onchange=" $('.filter-ajax-waiting').addClass('show');$(this).closest('form').submit();" id="frm-productFilter-brandConstraintForm-value-2269" value="2269" aria-label="!Rocks Drinks (2)">
                            <label for="frm-productFilter-brandConstraintForm-value-2269">Rocks Drinks (2)</label>
                        </div>


                                                         <div class="form-row" style="display: none;">
                            <input type="checkbox" name="value[]" onchange=" $('.filter-ajax-waiting').addClass('show');$(this).closest('form').submit();" id="frm-productFilter-brandConstraintForm-value-3454" value="3454" aria-label="!Rodinné vinařství Břeclav (3)">
                            <label for="frm-productFilter-brandConstraintForm-value-3454">Rodinné vinařství Břeclav (3)</label>
                        </div>


                                                         <div class="form-row" style="display: none;">
                            <input type="checkbox" name="value[]" onchange=" $('.filter-ajax-waiting').addClass('show');$(this).closest('form').submit();" id="frm-productFilter-brandConstraintForm-value-753" value="753" aria-label="!Rolo midi  (1)">
                            <label for="frm-productFilter-brandConstraintForm-value-753">Rolo midi  (1)</label>
                        </div>


                                                         <div class="form-row" style="display: none;">
                            <input type="checkbox" name="value[]" onchange=" $('.filter-ajax-waiting').addClass('show');$(this).closest('form').submit();" id="frm-productFilter-brandConstraintForm-value-650" value="650" aria-label="!Ron Caney (3)">
                            <label for="frm-productFilter-brandConstraintForm-value-650">Ron Caney (3)</label>
                        </div>


                                                         <div class="form-row" style="display: none;">
                            <input type="checkbox" name="value[]" onchange=" $('.filter-ajax-waiting').addClass('show');$(this).closest('form').submit();" id="frm-productFilter-brandConstraintForm-value-2701" value="2701" aria-label="!Ronnefeldt (3)">
                            <label for="frm-productFilter-brandConstraintForm-value-2701">Ronnefeldt (3)</label>
                        </div>


                                                         <div class="form-row" style="display: none;">
                            <input type="checkbox" name="value[]" onchange=" $('.filter-ajax-waiting').addClass('show');$(this).closest('form').submit();" id="frm-productFilter-brandConstraintForm-value-490" value="490" aria-label="!Rossijskoe Igristoe (3)">
                            <label for="frm-productFilter-brandConstraintForm-value-490">Rossijskoe Igristoe (3)</label>
                        </div>


                                                         <div class="form-row" style="display: none;">
                            <input type="checkbox" name="value[]" onchange=" $('.filter-ajax-waiting').addClass('show');$(this).closest('form').submit();" id="frm-productFilter-brandConstraintForm-value-2477" value="2477" aria-label="!Rossini (1)">
                            <label for="frm-productFilter-brandConstraintForm-value-2477">Rossini (1)</label>
                        </div>


                                                         <div class="form-row" style="display: none;">
                            <input type="checkbox" name="value[]" onchange=" $('.filter-ajax-waiting').addClass('show');$(this).closest('form').submit();" id="frm-productFilter-brandConstraintForm-value-2478" value="2478" aria-label="!Rotkäppchen (8)">
                            <label for="frm-productFilter-brandConstraintForm-value-2478">Rotkäppchen (8)</label>
                        </div>


                                                         <div class="form-row" style="display: none;">
                            <input type="checkbox" name="value[]" onchange=" $('.filter-ajax-waiting').addClass('show');$(this).closest('form').submit();" id="frm-productFilter-brandConstraintForm-value-2787" value="2787" aria-label="!Roullet (1)">
                            <label for="frm-productFilter-brandConstraintForm-value-2787">Roullet (1)</label>
                        </div>


                                                         <div class="form-row" style="display: none;">
                            <input type="checkbox" name="value[]" onchange=" $('.filter-ajax-waiting').addClass('show');$(this).closest('form').submit();" id="frm-productFilter-brandConstraintForm-value-558" value="558" aria-label="!Royal (6)">
                            <label for="frm-productFilter-brandConstraintForm-value-558">Royal (6)</label>
                        </div>


                                                         <div class="form-row" style="display: none;">
                            <input type="checkbox" name="value[]" onchange=" $('.filter-ajax-waiting').addClass('show');$(this).closest('form').submit();" id="frm-productFilter-brandConstraintForm-value-552" value="552" aria-label="!Royal Oporto (1)">
                            <label for="frm-productFilter-brandConstraintForm-value-552">Royal Oporto (1)</label>
                        </div>


                                                         <div class="form-row" style="display: none;">
                            <input type="checkbox" name="value[]" onchange=" $('.filter-ajax-waiting').addClass('show');$(this).closest('form').submit();" id="frm-productFilter-brandConstraintForm-value-3198" value="3198" aria-label="!Rudolfův pramen (1)">
                            <label for="frm-productFilter-brandConstraintForm-value-3198">Rudolfův pramen (1)</label>
                        </div>


                                                         <div class="form-row" style="display: none;">
                            <input type="checkbox" name="value[]" onchange=" $('.filter-ajax-waiting').addClass('show');$(this).closest('form').submit();" id="frm-productFilter-brandConstraintForm-value-2983" value="2983" aria-label="!Russian Crown (1)">
                            <label for="frm-productFilter-brandConstraintForm-value-2983">Russian Crown (1)</label>
                        </div>


                                                         <div class="form-row" style="display: none;">
                            <input type="checkbox" name="value[]" onchange=" $('.filter-ajax-waiting').addClass('show');$(this).closest('form').submit();" id="frm-productFilter-brandConstraintForm-value-525" value="525" aria-label="!Russian Standard (2)">
                            <label for="frm-productFilter-brandConstraintForm-value-525">Russian Standard (2)</label>
                        </div>


                                                         <div class="form-row" style="display: none;">
                            <input type="checkbox" name="value[]" onchange=" $('.filter-ajax-waiting').addClass('show');$(this).closest('form').submit();" id="frm-productFilter-brandConstraintForm-value-2821" value="2821" aria-label="!Rychtář (2)">
                            <label for="frm-productFilter-brandConstraintForm-value-2821">Rychtář (2)</label>
                        </div>


                                                         <div class="form-row" style="display: none;">
                            <input type="checkbox" name="value[]" onchange=" $('.filter-ajax-waiting').addClass('show');$(this).closest('form').submit();" id="frm-productFilter-brandConstraintForm-value-497" value="497" aria-label="!Rémy Martin (1)">
                            <label for="frm-productFilter-brandConstraintForm-value-497">Rémy Martin (1)</label>
                        </div>


                                                         <div class="form-row" style="display: none;">
                            <input type="checkbox" name="value[]" onchange=" $('.filter-ajax-waiting').addClass('show');$(this).closest('form').submit();" id="frm-productFilter-brandConstraintForm-value-2324" value="2324" aria-label="!Römerquelle (4)">
                            <label for="frm-productFilter-brandConstraintForm-value-2324">Römerquelle (4)</label>
                        </div>


                                                         <div class="form-row" style="display: none;">
                            <input type="checkbox" name="value[]" onchange=" $('.filter-ajax-waiting').addClass('show');$(this).closest('form').submit();" id="frm-productFilter-brandConstraintForm-value-2244" value="2244" aria-label="!SAMURAI SHOT (5)">
                            <label for="frm-productFilter-brandConstraintForm-value-2244">SAMURAI SHOT (5)</label>
                        </div>


                                                         <div class="form-row" style="display: none;">
                            <input type="checkbox" name="value[]" onchange=" $('.filter-ajax-waiting').addClass('show');$(this).closest('form').submit();" id="frm-productFilter-brandConstraintForm-value-363" value="363" aria-label="!Saga (2)">
                            <label for="frm-productFilter-brandConstraintForm-value-363">Saga (2)</label>
                        </div>


                                                         <div class="form-row" style="display: none;">
                            <input type="checkbox" name="value[]" onchange=" $('.filter-ajax-waiting').addClass('show');$(this).closest('form').submit();" id="frm-productFilter-brandConstraintForm-value-3552" value="3552" aria-label="!Sailor Jerry (1)">
                            <label for="frm-productFilter-brandConstraintForm-value-3552">Sailor Jerry (1)</label>
                        </div>


                                                         <div class="form-row" style="display: none;">
                            <input type="checkbox" name="value[]" onchange=" $('.filter-ajax-waiting').addClass('show');$(this).closest('form').submit();" id="frm-productFilter-brandConstraintForm-value-2514" value="2514" aria-label="!Samuel Adams (1)">
                            <label for="frm-productFilter-brandConstraintForm-value-2514">Samuel Adams (1)</label>
                        </div>


                                                         <div class="form-row" style="display: none;">
                            <input type="checkbox" name="value[]" onchange=" $('.filter-ajax-waiting').addClass('show');$(this).closest('form').submit();" id="frm-productFilter-brandConstraintForm-value-629" value="629" aria-label="!San Pellegrino (2)">
                            <label for="frm-productFilter-brandConstraintForm-value-629">San Pellegrino (2)</label>
                        </div>


                                                         <div class="form-row" style="display: none;">
                            <input type="checkbox" name="value[]" onchange=" $('.filter-ajax-waiting').addClass('show');$(this).closest('form').submit();" id="frm-productFilter-brandConstraintForm-value-553" value="553" aria-label="!Sandeman (5)">
                            <label for="frm-productFilter-brandConstraintForm-value-553">Sandeman (5)</label>
                        </div>


                                                         <div class="form-row" style="display: none;">
                            <input type="checkbox" name="value[]" onchange=" $('.filter-ajax-waiting').addClass('show');$(this).closest('form').submit();" id="frm-productFilter-brandConstraintForm-value-2447" value="2447" aria-label="!Santa Helena (4)">
                            <label for="frm-productFilter-brandConstraintForm-value-2447">Santa Helena (4)</label>
                        </div>


                                                         <div class="form-row" style="display: none;">
                            <input type="checkbox" name="value[]" onchange=" $('.filter-ajax-waiting').addClass('show');$(this).closest('form').submit();" id="frm-productFilter-brandConstraintForm-value-2716" value="2716" aria-label="!Santero (1)">
                            <label for="frm-productFilter-brandConstraintForm-value-2716">Santero (1)</label>
                        </div>


                                                         <div class="form-row" style="display: none;">
                            <input type="checkbox" name="value[]" onchange=" $('.filter-ajax-waiting').addClass('show');$(this).closest('form').submit();" id="frm-productFilter-brandConstraintForm-value-3438" value="3438" aria-label="!Sauza (2)">
                            <label for="frm-productFilter-brandConstraintForm-value-3438">Sauza (2)</label>
                        </div>


                                                         <div class="form-row" style="display: none;">
                            <input type="checkbox" name="value[]" onchange=" $('.filter-ajax-waiting').addClass('show');$(this).closest('form').submit();" id="frm-productFilter-brandConstraintForm-value-3574" value="3574" aria-label="!Saveurs du midi (2)">
                            <label for="frm-productFilter-brandConstraintForm-value-3574">Saveurs du midi (2)</label>
                        </div>


                                                         <div class="form-row" style="display: none;">
                            <input type="checkbox" name="value[]" onchange=" $('.filter-ajax-waiting').addClass('show');$(this).closest('form').submit();" id="frm-productFilter-brandConstraintForm-value-3455" value="3455" aria-label="!Schloss Lieser (1)">
                            <label for="frm-productFilter-brandConstraintForm-value-3455">Schloss Lieser (1)</label>
                        </div>


                                                         <div class="form-row" style="display: none;">
                            <input type="checkbox" name="value[]" onchange=" $('.filter-ajax-waiting').addClass('show');$(this).closest('form').submit();" id="frm-productFilter-brandConstraintForm-value-2406" value="2406" aria-label="!Schlürf (1)">
                            <label for="frm-productFilter-brandConstraintForm-value-2406">Schlürf (1)</label>
                        </div>


                                                         <div class="form-row" style="display: none;">
                            <input type="checkbox" name="value[]" onchange=" $('.filter-ajax-waiting').addClass('show');$(this).closest('form').submit();" id="frm-productFilter-brandConstraintForm-value-2404" value="2404" aria-label="!Schlürf Rasmus (1)">
                            <label for="frm-productFilter-brandConstraintForm-value-2404">Schlürf Rasmus (1)</label>
                        </div>


                                                         <div class="form-row" style="display: none;">
                            <input type="checkbox" name="value[]" onchange=" $('.filter-ajax-waiting').addClass('show');$(this).closest('form').submit();" id="frm-productFilter-brandConstraintForm-value-2886" value="2886" aria-label="!Schneider Weisse (2)">
                            <label for="frm-productFilter-brandConstraintForm-value-2886">Schneider Weisse (2)</label>
                        </div>


                                                         <div class="form-row" style="display: none;">
                            <input type="checkbox" name="value[]" onchange=" $('.filter-ajax-waiting').addClass('show');$(this).closest('form').submit();" id="frm-productFilter-brandConstraintForm-value-421" value="421" aria-label="!Schweppes (6)">
                            <label for="frm-productFilter-brandConstraintForm-value-421">Schweppes (6)</label>
                        </div>


                                                         <div class="form-row" style="display: none;">
                            <input type="checkbox" name="value[]" onchange=" $('.filter-ajax-waiting').addClass('show');$(this).closest('form').submit();" id="frm-productFilter-brandConstraintForm-value-366" value="366" aria-label="!Segafredo Zanetti (2)">
                            <label for="frm-productFilter-brandConstraintForm-value-366">Segafredo Zanetti (2)</label>
                        </div>


                                                         <div class="form-row" style="display: none;">
                            <input type="checkbox" name="value[]" onchange=" $('.filter-ajax-waiting').addClass('show');$(this).closest('form').submit();" id="frm-productFilter-brandConstraintForm-value-432" value="432" aria-label="!Semtex (6)">
                            <label for="frm-productFilter-brandConstraintForm-value-432">Semtex (6)</label>
                        </div>


                                                         <div class="form-row" style="display: none;">
                            <input type="checkbox" name="value[]" onchange=" $('.filter-ajax-waiting').addClass('show');$(this).closest('form').submit();" id="frm-productFilter-brandConstraintForm-value-1590" value="1590" aria-label="!Severofrukt (1)">
                            <label for="frm-productFilter-brandConstraintForm-value-1590">Severofrukt (1)</label>
                        </div>


                                                         <div class="form-row" style="display: none;">
                            <input type="checkbox" name="value[]" onchange=" $('.filter-ajax-waiting').addClass('show');$(this).closest('form').submit();" id="frm-productFilter-brandConstraintForm-value-3057" value="3057" aria-label="!Shake-It (4)">
                            <label for="frm-productFilter-brandConstraintForm-value-3057">Shake-It (4)</label>
                        </div>


                                                         <div class="form-row" style="display: none;">
                            <input type="checkbox" name="value[]" onchange=" $('.filter-ajax-waiting').addClass('show');$(this).closest('form').submit();" id="frm-productFilter-brandConstraintForm-value-2881" value="2881" aria-label="!Shepherd Neame (1)">
                            <label for="frm-productFilter-brandConstraintForm-value-2881">Shepherd Neame (1)</label>
                        </div>


                                                         <div class="form-row" style="display: none;">
                            <input type="checkbox" name="value[]" onchange=" $('.filter-ajax-waiting').addClass('show');$(this).closest('form').submit();" id="frm-productFilter-brandConstraintForm-value-3437" value="3437" aria-label="!Sierra Milenario (2)">
                            <label for="frm-productFilter-brandConstraintForm-value-3437">Sierra Milenario (2)</label>
                        </div>


                                                         <div class="form-row" style="display: none;">
                            <input type="checkbox" name="value[]" onchange=" $('.filter-ajax-waiting').addClass('show');$(this).closest('form').submit();" id="frm-productFilter-brandConstraintForm-value-2999" value="2999" aria-label="!Sierra Tequila (1)">
                            <label for="frm-productFilter-brandConstraintForm-value-2999">Sierra Tequila (1)</label>
                        </div>


                                                         <div class="form-row" style="display: none;">
                            <input type="checkbox" name="value[]" onchange=" $('.filter-ajax-waiting').addClass('show');$(this).closest('form').submit();" id="frm-productFilter-brandConstraintForm-value-3573" value="3573" aria-label="!Silverboom (1)">
                            <label for="frm-productFilter-brandConstraintForm-value-3573">Silverboom (1)</label>
                        </div>


                                                         <div class="form-row" style="display: none;">
                            <input type="checkbox" name="value[]" onchange=" $('.filter-ajax-waiting').addClass('show');$(this).closest('form').submit();" id="frm-productFilter-brandConstraintForm-value-2265" value="2265" aria-label="!Singha (1)">
                            <label for="frm-productFilter-brandConstraintForm-value-2265">Singha (1)</label>
                        </div>


                                                         <div class="form-row" style="display: none;">
                            <input type="checkbox" name="value[]" onchange=" $('.filter-ajax-waiting').addClass('show');$(this).closest('form').submit();" id="frm-productFilter-brandConstraintForm-value-2809" value="2809" aria-label="!Sir Winston Tea (6)">
                            <label for="frm-productFilter-brandConstraintForm-value-2809">Sir Winston Tea (6)</label>
                        </div>


                                                         <div class="form-row" style="display: none;">
                            <input type="checkbox" name="value[]" onchange=" $('.filter-ajax-waiting').addClass('show');$(this).closest('form').submit();" id="frm-productFilter-brandConstraintForm-value-2989" value="2989" aria-label="!Smarty (2)">
                            <label for="frm-productFilter-brandConstraintForm-value-2989">Smarty (2)</label>
                        </div>


                                                         <div class="form-row" style="display: none;">
                            <input type="checkbox" name="value[]" onchange=" $('.filter-ajax-waiting').addClass('show');$(this).closest('form').submit();" id="frm-productFilter-brandConstraintForm-value-578" value="578" aria-label="!Smirnoff (1)">
                            <label for="frm-productFilter-brandConstraintForm-value-578">Smirnoff (1)</label>
                        </div>


                                                         <div class="form-row" style="display: none;">
                            <input type="checkbox" name="value[]" onchange=" $('.filter-ajax-waiting').addClass('show');$(this).closest('form').submit();" id="frm-productFilter-brandConstraintForm-value-3184" value="3184" aria-label="!Sodastream (27)">
                            <label for="frm-productFilter-brandConstraintForm-value-3184">Sodastream (27)</label>
                        </div>


                                                         <div class="form-row" style="display: none;">
                            <input type="checkbox" name="value[]" onchange=" $('.filter-ajax-waiting').addClass('show');$(this).closest('form').submit();" id="frm-productFilter-brandConstraintForm-value-2283" value="2283" aria-label="!Soleiro (3)">
                            <label for="frm-productFilter-brandConstraintForm-value-2283">Soleiro (3)</label>
                        </div>


                                                         <div class="form-row" style="display: none;">
                            <input type="checkbox" name="value[]" onchange=" $('.filter-ajax-waiting').addClass('show');$(this).closest('form').submit();" id="frm-productFilter-brandConstraintForm-value-1730" value="1730" aria-label="!Sombrero (2)">
                            <label for="frm-productFilter-brandConstraintForm-value-1730">Sombrero (2)</label>
                        </div>


                                                         <div class="form-row" style="display: none;">
                            <input type="checkbox" name="value[]" onchange=" $('.filter-ajax-waiting').addClass('show');$(this).closest('form').submit();" id="frm-productFilter-brandConstraintForm-value-460" value="460" aria-label="!Somersby (7)">
                            <label for="frm-productFilter-brandConstraintForm-value-460">Somersby (7)</label>
                        </div>


                                                         <div class="form-row" style="display: none;">
                            <input type="checkbox" name="value[]" onchange=" $('.filter-ajax-waiting').addClass('show');$(this).closest('form').submit();" id="frm-productFilter-brandConstraintForm-value-2181" value="2181" aria-label="!Sonnentor (1)">
                            <label for="frm-productFilter-brandConstraintForm-value-2181">Sonnentor (1)</label>
                        </div>


                                                         <div class="form-row" style="display: none;">
                            <input type="checkbox" name="value[]" onchange=" $('.filter-ajax-waiting').addClass('show');$(this).closest('form').submit();" id="frm-productFilter-brandConstraintForm-value-467" value="467" aria-label="!Sovín (7)">
                            <label for="frm-productFilter-brandConstraintForm-value-467">Sovín (7)</label>
                        </div>


                                                         <div class="form-row" style="display: none;">
                            <input type="checkbox" name="value[]" onchange=" $('.filter-ajax-waiting').addClass('show');$(this).closest('form').submit();" id="frm-productFilter-brandConstraintForm-value-416" value="416" aria-label="!Sprite (8)">
                            <label for="frm-productFilter-brandConstraintForm-value-416">Sprite (8)</label>
                        </div>


                                                         <div class="form-row" style="display: none;">
                            <input type="checkbox" name="value[]" onchange=" $('.filter-ajax-waiting').addClass('show');$(this).closest('form').submit();" id="frm-productFilter-brandConstraintForm-value-559" value="559" aria-label="!Squash (4)">
                            <label for="frm-productFilter-brandConstraintForm-value-559">Squash (4)</label>
                        </div>


                                                         <div class="form-row" style="display: none;">
                            <input type="checkbox" name="value[]" onchange=" $('.filter-ajax-waiting').addClass('show');$(this).closest('form').submit();" id="frm-productFilter-brandConstraintForm-value-2536" value="2536" aria-label="!St Louis (1)">
                            <label for="frm-productFilter-brandConstraintForm-value-2536">St Louis (1)</label>
                        </div>


                                                         <div class="form-row" style="display: none;">
                            <input type="checkbox" name="value[]" onchange=" $('.filter-ajax-waiting').addClass('show');$(this).closest('form').submit();" id="frm-productFilter-brandConstraintForm-value-512" value="512" aria-label="!St. Nicolaus (10)">
                            <label for="frm-productFilter-brandConstraintForm-value-512">St. Nicolaus (10)</label>
                        </div>


                                                         <div class="form-row" style="display: none;">
                            <input type="checkbox" name="value[]" onchange=" $('.filter-ajax-waiting').addClass('show');$(this).closest('form').submit();" id="frm-productFilter-brandConstraintForm-value-3056" value="3056" aria-label="!Star Wars (1)">
                            <label for="frm-productFilter-brandConstraintForm-value-3056">Star Wars (1)</label>
                        </div>


                                                         <div class="form-row" style="display: none;">
                            <input type="checkbox" name="value[]" onchange=" $('.filter-ajax-waiting').addClass('show');$(this).closest('form').submit();" id="frm-productFilter-brandConstraintForm-value-2348" value="2348" aria-label="!Starobrno (8)">
                            <label for="frm-productFilter-brandConstraintForm-value-2348">Starobrno (8)</label>
                        </div>


                                                         <div class="form-row" style="display: none;">
                            <input type="checkbox" name="value[]" onchange=" $('.filter-ajax-waiting').addClass('show');$(this).closest('form').submit();" id="frm-productFilter-brandConstraintForm-value-436" value="436" aria-label="!Staropramen (16)">
                            <label for="frm-productFilter-brandConstraintForm-value-436">Staropramen (16)</label>
                        </div>


                                                         <div class="form-row" style="display: none;">
                            <input type="checkbox" name="value[]" onchange=" $('.filter-ajax-waiting').addClass('show');$(this).closest('form').submit();" id="frm-productFilter-brandConstraintForm-value-3033" value="3033" aria-label="!Starorežná (1)">
                            <label for="frm-productFilter-brandConstraintForm-value-3033">Starorežná (1)</label>
                        </div>


                                                         <div class="form-row" style="display: none;">
                            <input type="checkbox" name="value[]" onchange=" $('.filter-ajax-waiting').addClass('show');$(this).closest('form').submit();" id="frm-productFilter-brandConstraintForm-value-498" value="498" aria-label="!Stará Myslivecká (4)">
                            <label for="frm-productFilter-brandConstraintForm-value-498">Stará Myslivecká (4)</label>
                        </div>


                                                         <div class="form-row" style="display: none;">
                            <input type="checkbox" name="value[]" onchange=" $('.filter-ajax-waiting').addClass('show');$(this).closest('form').submit();" id="frm-productFilter-brandConstraintForm-value-437" value="437" aria-label="!Stella Artois (2)">
                            <label for="frm-productFilter-brandConstraintForm-value-437">Stella Artois (2)</label>
                        </div>


                                                         <div class="form-row" style="display: none;">
                            <input type="checkbox" name="value[]" onchange=" $('.filter-ajax-waiting').addClass('show');$(this).closest('form').submit();" id="frm-productFilter-brandConstraintForm-value-499" value="499" aria-label="!Stock (10)">
                            <label for="frm-productFilter-brandConstraintForm-value-499">Stock (10)</label>
                        </div>


                                                         <div class="form-row" style="display: none;">
                            <input type="checkbox" name="value[]" onchange=" $('.filter-ajax-waiting').addClass('show');$(this).closest('form').submit();" id="frm-productFilter-brandConstraintForm-value-526" value="526" aria-label="!Stolichnaya (1)">
                            <label for="frm-productFilter-brandConstraintForm-value-526">Stolichnaya (1)</label>
                        </div>


                                                         <div class="form-row" style="display: none;">
                            <input type="checkbox" name="value[]" onchange=" $('.filter-ajax-waiting').addClass('show');$(this).closest('form').submit();" id="frm-productFilter-brandConstraintForm-value-2884" value="2884" aria-label="!Stone (1)">
                            <label for="frm-productFilter-brandConstraintForm-value-2884">Stone (1)</label>
                        </div>


                                                         <div class="form-row" style="display: none;">
                            <input type="checkbox" name="value[]" onchange=" $('.filter-ajax-waiting').addClass('show');$(this).closest('form').submit();" id="frm-productFilter-brandConstraintForm-value-2703" value="2703" aria-label="!Strassen (2)">
                            <label for="frm-productFilter-brandConstraintForm-value-2703">Strassen (2)</label>
                        </div>


                                                         <div class="form-row" style="display: none;">
                            <input type="checkbox" name="value[]" onchange=" $('.filter-ajax-waiting').addClass('show');$(this).closest('form').submit();" id="frm-productFilter-brandConstraintForm-value-1084" value="1084" aria-label="!Stroh (1)">
                            <label for="frm-productFilter-brandConstraintForm-value-1084">Stroh (1)</label>
                        </div>


                                                         <div class="form-row" style="display: none;">
                            <input type="checkbox" name="value[]" onchange=" $('.filter-ajax-waiting').addClass('show');$(this).closest('form').submit();" id="frm-productFilter-brandConstraintForm-value-1705" value="1705" aria-label="!Strongbow (16)">
                            <label for="frm-productFilter-brandConstraintForm-value-1705">Strongbow (16)</label>
                        </div>


                                                         <div class="form-row" style="display: none;">
                            <input type="checkbox" name="value[]" onchange=" $('.filter-ajax-waiting').addClass('show');$(this).closest('form').submit();" id="frm-productFilter-brandConstraintForm-value-2887" value="2887" aria-label="!Superfoods (3)">
                            <label for="frm-productFilter-brandConstraintForm-value-2887">Superfoods (3)</label>
                        </div>


                                                         <div class="form-row" style="display: none;">
                            <input type="checkbox" name="value[]" onchange=" $('.filter-ajax-waiting').addClass('show');$(this).closest('form').submit();" id="frm-productFilter-brandConstraintForm-value-3503" value="3503" aria-label="!Suvorov Vin (1)">
                            <label for="frm-productFilter-brandConstraintForm-value-3503">Suvorov Vin (1)</label>
                        </div>


                                                         <div class="form-row" style="display: none;">
                            <input type="checkbox" name="value[]" onchange=" $('.filter-ajax-waiting').addClass('show');$(this).closest('form').submit();" id="frm-productFilter-brandConstraintForm-value-447" value="447" aria-label="!Svijany (6)">
                            <label for="frm-productFilter-brandConstraintForm-value-447">Svijany (6)</label>
                        </div>


                                                         <div class="form-row" style="display: none;">
                            <input type="checkbox" name="value[]" onchange=" $('.filter-ajax-waiting').addClass('show');$(this).closest('form').submit();" id="frm-productFilter-brandConstraintForm-value-2219" value="2219" aria-label="!Syfany (2)">
                            <label for="frm-productFilter-brandConstraintForm-value-2219">Syfany (2)</label>
                        </div>


                                                         <div class="form-row" style="display: none;">
                            <input type="checkbox" name="value[]" onchange=" $('.filter-ajax-waiting').addClass('show');$(this).closest('form').submit();" id="frm-productFilter-brandConstraintForm-value-2740" value="2740" aria-label="!TINI (1)">
                            <label for="frm-productFilter-brandConstraintForm-value-2740">TINI (1)</label>
                        </div>


                                                         <div class="form-row" style="display: none;">
                            <input type="checkbox" name="value[]" onchange=" $('.filter-ajax-waiting').addClass('show');$(this).closest('form').submit();" id="frm-productFilter-brandConstraintForm-value-548" value="548" aria-label="!Talisker (1)">
                            <label for="frm-productFilter-brandConstraintForm-value-548">Talisker (1)</label>
                        </div>


                                                         <div class="form-row" style="display: none;">
                            <input type="checkbox" name="value[]" onchange=" $('.filter-ajax-waiting').addClass('show');$(this).closest('form').submit();" id="frm-productFilter-brandConstraintForm-value-1244" value="1244" aria-label="!Tanqueray (2)">
                            <label for="frm-productFilter-brandConstraintForm-value-1244">Tanqueray (2)</label>
                        </div>


                                                         <div class="form-row" style="display: none;">
                            <input type="checkbox" name="value[]" onchange=" $('.filter-ajax-waiting').addClass('show');$(this).closest('form').submit();" id="frm-productFilter-brandConstraintForm-value-1726" value="1726" aria-label="!Tarapaca (1)">
                            <label for="frm-productFilter-brandConstraintForm-value-1726">Tarapaca (1)</label>
                        </div>


                                                         <div class="form-row" style="display: none;">
                            <input type="checkbox" name="value[]" onchange=" $('.filter-ajax-waiting').addClass('show');$(this).closest('form').submit();" id="frm-productFilter-brandConstraintForm-value-103" value="103" aria-label="!Tatra (1)">
                            <label for="frm-productFilter-brandConstraintForm-value-103">Tatra (1)</label>
                        </div>


                                                         <div class="form-row" style="display: none;">
                            <input type="checkbox" name="value[]" onchange=" $('.filter-ajax-waiting').addClass('show');$(this).closest('form').submit();" id="frm-productFilter-brandConstraintForm-value-1246" value="1246" aria-label="!Tatratea (6)">
                            <label for="frm-productFilter-brandConstraintForm-value-1246">Tatratea (6)</label>
                        </div>


                                                         <div class="form-row" style="display: none;">
                            <input type="checkbox" name="value[]" onchange=" $('.filter-ajax-waiting').addClass('show');$(this).closest('form').submit();" id="frm-productFilter-brandConstraintForm-value-371" value="371" aria-label="!Tchibo (4)">
                            <label for="frm-productFilter-brandConstraintForm-value-371">Tchibo (4)</label>
                        </div>


                                                         <div class="form-row" style="display: none;">
                            <input type="checkbox" name="value[]" onchange=" $('.filter-ajax-waiting').addClass('show');$(this).closest('form').submit();" id="frm-productFilter-brandConstraintForm-value-989" value="989" aria-label="!Teekanee (9)">
                            <label for="frm-productFilter-brandConstraintForm-value-989">Teekanee (9)</label>
                        </div>


                            <div class="form-row">
                            <input type="checkbox" name="value[]" onchange=" $('.filter-ajax-waiting').addClass('show');$(this).closest('form').submit();" id="frm-productFilter-brandConstraintForm-value-358" value="358" aria-label="!Teekanne (75)">
                            <label for="frm-productFilter-brandConstraintForm-value-358">Teekanne (75)</label>
                        </div>


                            <div class="form-row">
                            <input type="checkbox" name="value[]" onchange=" $('.filter-ajax-waiting').addClass('show');$(this).closest('form').submit();" id="frm-productFilter-brandConstraintForm-value-468" value="468" aria-label="!Templářské Sklepy Čejkovice (52)">
                            <label for="frm-productFilter-brandConstraintForm-value-468">Templářské Sklepy Čejkovice (52)</label>
                        </div>


                                                         <div class="form-row" style="display: none;">
                            <input type="checkbox" name="value[]" onchange=" $('.filter-ajax-waiting').addClass('show');$(this).closest('form').submit();" id="frm-productFilter-brandConstraintForm-value-3043" value="3043" aria-label="!Tetley (8)">
                            <label for="frm-productFilter-brandConstraintForm-value-3043">Tetley (8)</label>
                        </div>


                                                         <div class="form-row" style="display: none;">
                            <input type="checkbox" name="value[]" onchange=" $('.filter-ajax-waiting').addClass('show');$(this).closest('form').submit();" id="frm-productFilter-brandConstraintForm-value-2801" value="2801" aria-label="!The Coconut Company (1)">
                            <label for="frm-productFilter-brandConstraintForm-value-2801">The Coconut Company (1)</label>
                        </div>


                                                         <div class="form-row" style="display: none;">
                            <input type="checkbox" name="value[]" onchange=" $('.filter-ajax-waiting').addClass('show');$(this).closest('form').submit();" id="frm-productFilter-brandConstraintForm-value-2883" value="2883" aria-label="!Thornbridge (3)">
                            <label for="frm-productFilter-brandConstraintForm-value-2883">Thornbridge (3)</label>
                        </div>


                                                         <div class="form-row" style="display: none;">
                            <input type="checkbox" name="value[]" onchange=" $('.filter-ajax-waiting').addClass('show');$(this).closest('form').submit();" id="frm-productFilter-brandConstraintForm-value-2623" value="2623" aria-label="!Three Sixty (3)">
                            <label for="frm-productFilter-brandConstraintForm-value-2623">Three Sixty (3)</label>
                        </div>


                                                         <div class="form-row" style="display: none;">
                            <input type="checkbox" name="value[]" onchange=" $('.filter-ajax-waiting').addClass('show');$(this).closest('form').submit();" id="frm-productFilter-brandConstraintForm-value-634" value="634" aria-label="!Tiger (3)">
                            <label for="frm-productFilter-brandConstraintForm-value-634">Tiger (3)</label>
                        </div>


                                                         <div class="form-row" style="display: none;">
                            <input type="checkbox" name="value[]" onchange=" $('.filter-ajax-waiting').addClass('show');$(this).closest('form').submit();" id="frm-productFilter-brandConstraintForm-value-387" value="387" aria-label="!Toma (30)">
                            <label for="frm-productFilter-brandConstraintForm-value-387">Toma (30)</label>
                        </div>


                                                         <div class="form-row" style="display: none;">
                            <input type="checkbox" name="value[]" onchange=" $('.filter-ajax-waiting').addClass('show');$(this).closest('form').submit();" id="frm-productFilter-brandConstraintForm-value-1700" value="1700" aria-label="!Top (4)">
                            <label for="frm-productFilter-brandConstraintForm-value-1700">Top (4)</label>
                        </div>


                                                         <div class="form-row" style="display: none;">
                            <input type="checkbox" name="value[]" onchange=" $('.filter-ajax-waiting').addClass('show');$(this).closest('form').submit();" id="frm-productFilter-brandConstraintForm-value-417" value="417" aria-label="!Top Topic (4)">
                            <label for="frm-productFilter-brandConstraintForm-value-417">Top Topic (4)</label>
                        </div>


                                                         <div class="form-row" style="display: none;">
                            <input type="checkbox" name="value[]" onchange=" $('.filter-ajax-waiting').addClass('show');$(this).closest('form').submit();" id="frm-productFilter-brandConstraintForm-value-2464" value="2464" aria-label="!Torres (4)">
                            <label for="frm-productFilter-brandConstraintForm-value-2464">Torres (4)</label>
                        </div>


                                                         <div class="form-row" style="display: none;">
                            <input type="checkbox" name="value[]" onchange=" $('.filter-ajax-waiting').addClass('show');$(this).closest('form').submit();" id="frm-productFilter-brandConstraintForm-value-2544" value="2544" aria-label="!Tran Quini (2)">
                            <label for="frm-productFilter-brandConstraintForm-value-2544">Tran Quini (2)</label>
                        </div>


                                                         <div class="form-row" style="display: none;">
                            <input type="checkbox" name="value[]" onchange=" $('.filter-ajax-waiting').addClass('show');$(this).closest('form').submit();" id="frm-productFilter-brandConstraintForm-value-3088" value="3088" aria-label="!Trapiche (2)">
                            <label for="frm-productFilter-brandConstraintForm-value-3088">Trapiche (2)</label>
                        </div>


                                                         <div class="form-row" style="display: none;">
                            <input type="checkbox" name="value[]" onchange=" $('.filter-ajax-waiting').addClass('show');$(this).closest('form').submit();" id="frm-productFilter-brandConstraintForm-value-2706" value="2706" aria-label="!Tremisse (1)">
                            <label for="frm-productFilter-brandConstraintForm-value-2706">Tremisse (1)</label>
                        </div>


                                                         <div class="form-row" style="display: none;">
                            <input type="checkbox" name="value[]" onchange=" $('.filter-ajax-waiting').addClass('show');$(this).closest('form').submit();" id="frm-productFilter-brandConstraintForm-value-2705" value="2705" aria-label="!Tribe (4)">
                            <label for="frm-productFilter-brandConstraintForm-value-2705">Tribe (4)</label>
                        </div>


                                                         <div class="form-row" style="display: none;">
                            <input type="checkbox" name="value[]" onchange=" $('.filter-ajax-waiting').addClass('show');$(this).closest('form').submit();" id="frm-productFilter-brandConstraintForm-value-2889" value="2889" aria-label="!True Tea (5)">
                            <label for="frm-productFilter-brandConstraintForm-value-2889">True Tea (5)</label>
                        </div>


                                                         <div class="form-row" style="display: none;">
                            <input type="checkbox" name="value[]" onchange=" $('.filter-ajax-waiting').addClass('show');$(this).closest('form').submit();" id="frm-productFilter-brandConstraintForm-value-654" value="654" aria-label="!Trul (1)">
                            <label for="frm-productFilter-brandConstraintForm-value-654">Trul (1)</label>
                        </div>


                                                         <div class="form-row" style="display: none;">
                            <input type="checkbox" name="value[]" onchange=" $('.filter-ajax-waiting').addClass('show');$(this).closest('form').submit();" id="frm-productFilter-brandConstraintForm-value-549" value="549" aria-label="!Tullamore Dew (4)">
                            <label for="frm-productFilter-brandConstraintForm-value-549">Tullamore Dew (4)</label>
                        </div>


                                                         <div class="form-row" style="display: none;">
                            <input type="checkbox" name="value[]" onchange=" $('.filter-ajax-waiting').addClass('show');$(this).closest('form').submit();" id="frm-productFilter-brandConstraintForm-value-988" value="988" aria-label="!Twinings (1)">
                            <label for="frm-productFilter-brandConstraintForm-value-988">Twinings (1)</label>
                        </div>


                                                         <div class="form-row" style="display: none;">
                            <input type="checkbox" name="value[]" onchange=" $('.filter-ajax-waiting').addClass('show');$(this).closest('form').submit();" id="frm-productFilter-brandConstraintForm-value-2226" value="2226" aria-label="!Tátův sad (4)">
                            <label for="frm-productFilter-brandConstraintForm-value-2226">Tátův sad (4)</label>
                        </div>


                                                         <div class="form-row" style="display: none;">
                            <input type="checkbox" name="value[]" onchange=" $('.filter-ajax-waiting').addClass('show');$(this).closest('form').submit();" id="frm-productFilter-brandConstraintForm-value-2215" value="2215" aria-label="!UGO (18)">
                            <label for="frm-productFilter-brandConstraintForm-value-2215">UGO (18)</label>
                        </div>


                                                         <div class="form-row" style="display: none;">
                            <input type="checkbox" name="value[]" onchange=" $('.filter-ajax-waiting').addClass('show');$(this).closest('form').submit();" id="frm-productFilter-brandConstraintForm-value-3534" value="3534" aria-label="!Ugarte (1)">
                            <label for="frm-productFilter-brandConstraintForm-value-3534">Ugarte (1)</label>
                        </div>


                                                         <div class="form-row" style="display: none;">
                            <input type="checkbox" name="value[]" onchange=" $('.filter-ajax-waiting').addClass('show');$(this).closest('form').submit();" id="frm-productFilter-brandConstraintForm-value-2644" value="2644" aria-label="!United Brands (4)">
                            <label for="frm-productFilter-brandConstraintForm-value-2644">United Brands (4)</label>
                        </div>


                                                         <div class="form-row" style="display: none;">
                            <input type="checkbox" name="value[]" onchange=" $('.filter-ajax-waiting').addClass('show');$(this).closest('form').submit();" id="frm-productFilter-brandConstraintForm-value-579" value="579" aria-label="!VK (1)">
                            <label for="frm-productFilter-brandConstraintForm-value-579">VK (1)</label>
                        </div>


                                                         <div class="form-row" style="display: none;">
                            <input type="checkbox" name="value[]" onchange=" $('.filter-ajax-waiting').addClass('show');$(this).closest('form').submit();" id="frm-productFilter-brandConstraintForm-value-1673" value="1673" aria-label="!Van Diermen (1)">
                            <label for="frm-productFilter-brandConstraintForm-value-1673">Van Diermen (1)</label>
                        </div>


                                                         <div class="form-row" style="display: none;">
                            <input type="checkbox" name="value[]" onchange=" $('.filter-ajax-waiting').addClass('show');$(this).closest('form').submit();" id="frm-productFilter-brandConstraintForm-value-2577" value="2577" aria-label="!Van Houten (3)">
                            <label for="frm-productFilter-brandConstraintForm-value-2577">Van Houten (3)</label>
                        </div>


                                                         <div class="form-row" style="display: none;">
                            <input type="checkbox" name="value[]" onchange=" $('.filter-ajax-waiting').addClass('show');$(this).closest('form').submit();" id="frm-productFilter-brandConstraintForm-value-2975" value="2975" aria-label="!Velho Barreiro (1)">
                            <label for="frm-productFilter-brandConstraintForm-value-2975">Velho Barreiro (1)</label>
                        </div>


                                                         <div class="form-row" style="display: none;">
                            <input type="checkbox" name="value[]" onchange=" $('.filter-ajax-waiting').addClass('show');$(this).closest('form').submit();" id="frm-productFilter-brandConstraintForm-value-448" value="448" aria-label="!Velkopopovický Kozel (12)">
                            <label for="frm-productFilter-brandConstraintForm-value-448">Velkopopovický Kozel (12)</label>
                        </div>


                                                         <div class="form-row" style="display: none;">
                            <input type="checkbox" name="value[]" onchange=" $('.filter-ajax-waiting').addClass('show');$(this).closest('form').submit();" id="frm-productFilter-brandConstraintForm-value-2402" value="2402" aria-label="!Vergnano (8)">
                            <label for="frm-productFilter-brandConstraintForm-value-2402">Vergnano (8)</label>
                        </div>


                                                         <div class="form-row" style="display: none;">
                            <input type="checkbox" name="value[]" onchange=" $('.filter-ajax-waiting').addClass('show');$(this).closest('form').submit();" id="frm-productFilter-brandConstraintForm-value-2823" value="2823" aria-label="!Veritas (2)">
                            <label for="frm-productFilter-brandConstraintForm-value-2823">Veritas (2)</label>
                        </div>


                                                         <div class="form-row" style="display: none;">
                            <input type="checkbox" name="value[]" onchange=" $('.filter-ajax-waiting').addClass('show');$(this).closest('form').submit();" id="frm-productFilter-brandConstraintForm-value-2606" value="2606" aria-label="!Veritea (2)">
                            <label for="frm-productFilter-brandConstraintForm-value-2606">Veritea (2)</label>
                        </div>


                                                         <div class="form-row" style="display: none;">
                            <input type="checkbox" name="value[]" onchange=" $('.filter-ajax-waiting').addClass('show');$(this).closest('form').submit();" id="frm-productFilter-brandConstraintForm-value-645" value="645" aria-label="!Veuve Clicquot (1)">
                            <label for="frm-productFilter-brandConstraintForm-value-645">Veuve Clicquot (1)</label>
                        </div>


                                                         <div class="form-row" style="display: none;">
                            <input type="checkbox" name="value[]" onchange=" $('.filter-ajax-waiting').addClass('show');$(this).closest('form').submit();" id="frm-productFilter-brandConstraintForm-value-3237" value="3237" aria-label="!Vignerons Catalans (1)">
                            <label for="frm-productFilter-brandConstraintForm-value-3237">Vignerons Catalans (1)</label>
                        </div>


                                                         <div class="form-row" style="display: none;">
                            <input type="checkbox" name="value[]" onchange=" $('.filter-ajax-waiting').addClass('show');$(this).closest('form').submit();" id="frm-productFilter-brandConstraintForm-value-2794" value="2794" aria-label="!Viko (14)">
                            <label for="frm-productFilter-brandConstraintForm-value-2794">Viko (14)</label>
                        </div>


                                                         <div class="form-row" style="display: none;">
                            <input type="checkbox" name="value[]" onchange=" $('.filter-ajax-waiting').addClass('show');$(this).closest('form').submit();" id="frm-productFilter-brandConstraintForm-value-483" value="483" aria-label="!Villa Italia (12)">
                            <label for="frm-productFilter-brandConstraintForm-value-483">Villa Italia (12)</label>
                        </div>


                                                         <div class="form-row" style="display: none;">
                            <input type="checkbox" name="value[]" onchange=" $('.filter-ajax-waiting').addClass('show');$(this).closest('form').submit();" id="frm-productFilter-brandConstraintForm-value-3111" value="3111" aria-label="!Villa Moscato (1)">
                            <label for="frm-productFilter-brandConstraintForm-value-3111">Villa Moscato (1)</label>
                        </div>


                                                         <div class="form-row" style="display: none;">
                            <input type="checkbox" name="value[]" onchange=" $('.filter-ajax-waiting').addClass('show');$(this).closest('form').submit();" id="frm-productFilter-brandConstraintForm-value-637" value="637" aria-label="!Vinařství Baloun (17)">
                            <label for="frm-productFilter-brandConstraintForm-value-637">Vinařství Baloun (17)</label>
                        </div>


                                                         <div class="form-row" style="display: none;">
                            <input type="checkbox" name="value[]" onchange=" $('.filter-ajax-waiting').addClass('show');$(this).closest('form').submit();" id="frm-productFilter-brandConstraintForm-value-2853" value="2853" aria-label="!Vinařství Bunža (5)">
                            <label for="frm-productFilter-brandConstraintForm-value-2853">Vinařství Bunža (5)</label>
                        </div>


                                                         <div class="form-row" style="display: none;">
                            <input type="checkbox" name="value[]" onchange=" $('.filter-ajax-waiting').addClass('show');$(this).closest('form').submit();" id="frm-productFilter-brandConstraintForm-value-2867" value="2867" aria-label="!Vinařství Jedlička (2)">
                            <label for="frm-productFilter-brandConstraintForm-value-2867">Vinařství Jedlička (2)</label>
                        </div>


                                                         <div class="form-row" style="display: none;">
                            <input type="checkbox" name="value[]" onchange=" $('.filter-ajax-waiting').addClass('show');$(this).closest('form').submit();" id="frm-productFilter-brandConstraintForm-value-2811" value="2811" aria-label="!Vinařství Kolonáda (8)">
                            <label for="frm-productFilter-brandConstraintForm-value-2811">Vinařství Kolonáda (8)</label>
                        </div>


                                                         <div class="form-row" style="display: none;">
                            <input type="checkbox" name="value[]" onchange=" $('.filter-ajax-waiting').addClass('show');$(this).closest('form').submit();" id="frm-productFilter-brandConstraintForm-value-2822" value="2822" aria-label="!Vinařství Konečný (7)">
                            <label for="frm-productFilter-brandConstraintForm-value-2822">Vinařství Konečný (7)</label>
                        </div>


                                                         <div class="form-row" style="display: none;">
                            <input type="checkbox" name="value[]" onchange=" $('.filter-ajax-waiting').addClass('show');$(this).closest('form').submit();" id="frm-productFilter-brandConstraintForm-value-2369" value="2369" aria-label="!Vinařství Lednice (13)">
                            <label for="frm-productFilter-brandConstraintForm-value-2369">Vinařství Lednice (13)</label>
                        </div>


                                                         <div class="form-row" style="display: none;">
                            <input type="checkbox" name="value[]" onchange=" $('.filter-ajax-waiting').addClass('show');$(this).closest('form').submit();" id="frm-productFilter-brandConstraintForm-value-3121" value="3121" aria-label="!Vinařství Mutěnice (31)">
                            <label for="frm-productFilter-brandConstraintForm-value-3121">Vinařství Mutěnice (31)</label>
                        </div>


                                                         <div class="form-row" style="display: none;">
                            <input type="checkbox" name="value[]" onchange=" $('.filter-ajax-waiting').addClass('show');$(this).closest('form').submit();" id="frm-productFilter-brandConstraintForm-value-2852" value="2852" aria-label="!Vinařství Na Soutoku (11)">
                            <label for="frm-productFilter-brandConstraintForm-value-2852">Vinařství Na Soutoku (11)</label>
                        </div>


                                                         <div class="form-row" style="display: none;">
                            <input type="checkbox" name="value[]" onchange=" $('.filter-ajax-waiting').addClass('show');$(this).closest('form').submit();" id="frm-productFilter-brandConstraintForm-value-2285" value="2285" aria-label="!Vinařství Omasta (11)">
                            <label for="frm-productFilter-brandConstraintForm-value-2285">Vinařství Omasta (11)</label>
                        </div>


                                                         <div class="form-row" style="display: none;">
                            <input type="checkbox" name="value[]" onchange=" $('.filter-ajax-waiting').addClass('show');$(this).closest('form').submit();" id="frm-productFilter-brandConstraintForm-value-3258" value="3258" aria-label="!Vinařství Osička (2)">
                            <label for="frm-productFilter-brandConstraintForm-value-3258">Vinařství Osička (2)</label>
                        </div>


                                                         <div class="form-row" style="display: none;">
                            <input type="checkbox" name="value[]" onchange=" $('.filter-ajax-waiting').addClass('show');$(this).closest('form').submit();" id="frm-productFilter-brandConstraintForm-value-2758" value="2758" aria-label="!Vinařství Ostrovec (15)">
                            <label for="frm-productFilter-brandConstraintForm-value-2758">Vinařství Ostrovec (15)</label>
                        </div>


                                                         <div class="form-row" style="display: none;">
                            <input type="checkbox" name="value[]" onchange=" $('.filter-ajax-waiting').addClass('show');$(this).closest('form').submit();" id="frm-productFilter-brandConstraintForm-value-1247" value="1247" aria-label="!Vinařství Pavlov (3)">
                            <label for="frm-productFilter-brandConstraintForm-value-1247">Vinařství Pavlov (3)</label>
                        </div>


                                                         <div class="form-row" style="display: none;">
                            <input type="checkbox" name="value[]" onchange=" $('.filter-ajax-waiting').addClass('show');$(this).closest('form').submit();" id="frm-productFilter-brandConstraintForm-value-2958" value="2958" aria-label="!Vinařství Pavlovín (8)">
                            <label for="frm-productFilter-brandConstraintForm-value-2958">Vinařství Pavlovín (8)</label>
                        </div>


                                                         <div class="form-row" style="display: none;">
                            <input type="checkbox" name="value[]" onchange=" $('.filter-ajax-waiting').addClass('show');$(this).closest('form').submit();" id="frm-productFilter-brandConstraintForm-value-2398" value="2398" aria-label="!Vinařství Pfeffer (11)">
                            <label for="frm-productFilter-brandConstraintForm-value-2398">Vinařství Pfeffer (11)</label>
                        </div>


                                                         <div class="form-row" style="display: none;">
                            <input type="checkbox" name="value[]" onchange=" $('.filter-ajax-waiting').addClass('show');$(this).closest('form').submit();" id="frm-productFilter-brandConstraintForm-value-2279" value="2279" aria-label="!Vinařství Zborovský (14)">
                            <label for="frm-productFilter-brandConstraintForm-value-2279">Vinařství Zborovský (14)</label>
                        </div>


                                                         <div class="form-row" style="display: none;">
                            <input type="checkbox" name="value[]" onchange=" $('.filter-ajax-waiting').addClass('show');$(this).closest('form').submit();" id="frm-productFilter-brandConstraintForm-value-401" value="401" aria-label="!Vincentka (1)">
                            <label for="frm-productFilter-brandConstraintForm-value-401">Vincentka (1)</label>
                        </div>


                                                         <div class="form-row" style="display: none;">
                            <input type="checkbox" name="value[]" onchange=" $('.filter-ajax-waiting').addClass('show');$(this).closest('form').submit();" id="frm-productFilter-brandConstraintForm-value-423" value="423" aria-label="!Vinea (7)">
                            <label for="frm-productFilter-brandConstraintForm-value-423">Vinea (7)</label>
                        </div>


                            <div class="form-row">
                            <input type="checkbox" name="value[]" onchange=" $('.filter-ajax-waiting').addClass('show');$(this).closest('form').submit();" id="frm-productFilter-brandConstraintForm-value-469" value="469" aria-label="!Vinium (40)">
                            <label for="frm-productFilter-brandConstraintForm-value-469">Vinium (40)</label>
                        </div>


                                                         <div class="form-row" style="display: none;">
                            <input type="checkbox" name="value[]" onchange=" $('.filter-ajax-waiting').addClass('show');$(this).closest('form').submit();" id="frm-productFilter-brandConstraintForm-value-1257" value="1257" aria-label="!Vinium Velké Pavlovice (5)">
                            <label for="frm-productFilter-brandConstraintForm-value-1257">Vinium Velké Pavlovice (5)</label>
                        </div>


                                                         <div class="form-row" style="display: none;">
                            <input type="checkbox" name="value[]" onchange=" $('.filter-ajax-waiting').addClass('show');$(this).closest('form').submit();" id="frm-productFilter-brandConstraintForm-value-3519" value="3519" aria-label="!Vinné sklepy Zapletal (1)">
                            <label for="frm-productFilter-brandConstraintForm-value-3519">Vinné sklepy Zapletal (1)</label>
                        </div>


                                                         <div class="form-row" style="display: none;">
                            <input type="checkbox" name="value[]" onchange=" $('.filter-ajax-waiting').addClass('show');$(this).closest('form').submit();" id="frm-productFilter-brandConstraintForm-value-3515" value="3515" aria-label="!Vinný dům (12)">
                            <label for="frm-productFilter-brandConstraintForm-value-3515">Vinný dům (12)</label>
                        </div>


                                                         <div class="form-row" style="display: none;">
                            <input type="checkbox" name="value[]" onchange=" $('.filter-ajax-waiting').addClass('show');$(this).closest('form').submit();" id="frm-productFilter-brandConstraintForm-value-1010" value="1010" aria-label="!Vitacit (3)">
                            <label for="frm-productFilter-brandConstraintForm-value-1010">Vitacit (3)</label>
                        </div>


                                                         <div class="form-row" style="display: none;">
                            <input type="checkbox" name="value[]" onchange=" $('.filter-ajax-waiting').addClass('show');$(this).closest('form').submit();" id="frm-productFilter-brandConstraintForm-value-2169" value="2169" aria-label="!Vitaminátor (3)">
                            <label for="frm-productFilter-brandConstraintForm-value-2169">Vitaminátor (3)</label>
                        </div>


                                                         <div class="form-row" style="display: none;">
                            <input type="checkbox" name="value[]" onchange=" $('.filter-ajax-waiting').addClass('show');$(this).closest('form').submit();" id="frm-productFilter-brandConstraintForm-value-3012" value="3012" aria-label="!Vitapress (8)">
                            <label for="frm-productFilter-brandConstraintForm-value-3012">Vitapress (8)</label>
                        </div>


                                                         <div class="form-row" style="display: none;">
                            <input type="checkbox" name="value[]" onchange=" $('.filter-ajax-waiting').addClass('show');$(this).closest('form').submit();" id="frm-productFilter-brandConstraintForm-value-406" value="406" aria-label="!Vittel (9)">
                            <label for="frm-productFilter-brandConstraintForm-value-406">Vittel (9)</label>
                        </div>


                                                         <div class="form-row" style="display: none;">
                            <input type="checkbox" name="value[]" onchange=" $('.filter-ajax-waiting').addClass('show');$(this).closest('form').submit();" id="frm-productFilter-brandConstraintForm-value-481" value="481" aria-label="!Viña Tarapacá (11)">
                            <label for="frm-productFilter-brandConstraintForm-value-481">Viña Tarapacá (11)</label>
                        </div>


                                                         <div class="form-row" style="display: none;">
                            <input type="checkbox" name="value[]" onchange=" $('.filter-ajax-waiting').addClass('show');$(this).closest('form').submit();" id="frm-productFilter-brandConstraintForm-value-2368" value="2368" aria-label="!Voss (1)">
                            <label for="frm-productFilter-brandConstraintForm-value-2368">Voss (1)</label>
                        </div>


                                                         <div class="form-row" style="display: none;">
                            <input type="checkbox" name="value[]" onchange=" $('.filter-ajax-waiting').addClass('show');$(this).closest('form').submit();" id="frm-productFilter-brandConstraintForm-value-2820" value="2820" aria-label="!Vysoký Chlumec (4)">
                            <label for="frm-productFilter-brandConstraintForm-value-2820">Vysoký Chlumec (4)</label>
                        </div>


                                                         <div class="form-row" style="display: none;">
                            <input type="checkbox" name="value[]" onchange=" $('.filter-ajax-waiting').addClass('show');$(this).closest('form').submit();" id="frm-productFilter-brandConstraintForm-value-470" value="470" aria-label="!Víno Mikulov (22)">
                            <label for="frm-productFilter-brandConstraintForm-value-470">Víno Mikulov (22)</label>
                        </div>


                                                         <div class="form-row" style="display: none;">
                            <input type="checkbox" name="value[]" onchange=" $('.filter-ajax-waiting').addClass('show');$(this).closest('form').submit();" id="frm-productFilter-brandConstraintForm-value-1821" value="1821" aria-label="!Víno Mikulov Zweigeltrebe (1)">
                            <label for="frm-productFilter-brandConstraintForm-value-1821">Víno Mikulov Zweigeltrebe (1)</label>
                        </div>


                                                         <div class="form-row" style="display: none;">
                            <input type="checkbox" name="value[]" onchange=" $('.filter-ajax-waiting').addClass('show');$(this).closest('form').submit();" id="frm-productFilter-brandConstraintForm-value-2956" value="2956" aria-label="!Všerad (4)">
                            <label for="frm-productFilter-brandConstraintForm-value-2956">Všerad (4)</label>
                        </div>


                                                         <div class="form-row" style="display: none;">
                            <input type="checkbox" name="value[]" onchange=" $('.filter-ajax-waiting').addClass('show');$(this).closest('form').submit();" id="frm-productFilter-brandConstraintForm-value-2459" value="2459" aria-label="!Waltz of Flowers (2)">
                            <label for="frm-productFilter-brandConstraintForm-value-2459">Waltz of Flowers (2)</label>
                        </div>


                                                         <div class="form-row" style="display: none;">
                            <input type="checkbox" name="value[]" onchange=" $('.filter-ajax-waiting').addClass('show');$(this).closest('form').submit();" id="frm-productFilter-brandConstraintForm-value-2885" value="2885" aria-label="!Weihenstephaner (4)">
                            <label for="frm-productFilter-brandConstraintForm-value-2885">Weihenstephaner (4)</label>
                        </div>


                                                         <div class="form-row" style="display: none;">
                            <input type="checkbox" name="value[]" onchange=" $('.filter-ajax-waiting').addClass('show');$(this).closest('form').submit();" id="frm-productFilter-brandConstraintForm-value-2419" value="2419" aria-label="!Weingut Polz (1)">
                            <label for="frm-productFilter-brandConstraintForm-value-2419">Weingut Polz (1)</label>
                        </div>


                                                         <div class="form-row" style="display: none;">
                            <input type="checkbox" name="value[]" onchange=" $('.filter-ajax-waiting').addClass('show');$(this).closest('form').submit();" id="frm-productFilter-brandConstraintForm-value-2752" value="2752" aria-label="!Weinkellerei Auer (1)">
                            <label for="frm-productFilter-brandConstraintForm-value-2752">Weinkellerei Auer (1)</label>
                        </div>


                                                         <div class="form-row" style="display: none;">
                            <input type="checkbox" name="value[]" onchange=" $('.filter-ajax-waiting').addClass('show');$(this).closest('form').submit();" id="frm-productFilter-brandConstraintForm-value-1248" value="1248" aria-label="!Wild Turkey (1)">
                            <label for="frm-productFilter-brandConstraintForm-value-1248">Wild Turkey (1)</label>
                        </div>


                                                         <div class="form-row" style="display: none;">
                            <input type="checkbox" name="value[]" onchange=" $('.filter-ajax-waiting').addClass('show');$(this).closest('form').submit();" id="frm-productFilter-brandConstraintForm-value-3128" value="3128" aria-label="!XIXO (2)">
                            <label for="frm-productFilter-brandConstraintForm-value-3128">XIXO (2)</label>
                        </div>


                                                         <div class="form-row" style="display: none;">
                            <input type="checkbox" name="value[]" onchange=" $('.filter-ajax-waiting').addClass('show');$(this).closest('form').submit();" id="frm-productFilter-brandConstraintForm-value-426" value="426" aria-label="!YO (11)">
                            <label for="frm-productFilter-brandConstraintForm-value-426">YO (11)</label>
                        </div>


                                                         <div class="form-row" style="display: none;">
                            <input type="checkbox" name="value[]" onchange=" $('.filter-ajax-waiting').addClass('show');$(this).closest('form').submit();" id="frm-productFilter-brandConstraintForm-value-2924" value="2924" aria-label="!Zacapa (2)">
                            <label for="frm-productFilter-brandConstraintForm-value-2924">Zacapa (2)</label>
                        </div>


                                                         <div class="form-row" style="display: none;">
                            <input type="checkbox" name="value[]" onchange=" $('.filter-ajax-waiting').addClass('show');$(this).closest('form').submit();" id="frm-productFilter-brandConstraintForm-value-3238" value="3238" aria-label="!Zaječická hořká (1)">
                            <label for="frm-productFilter-brandConstraintForm-value-3238">Zaječická hořká (1)</label>
                        </div>


                                                         <div class="form-row" style="display: none;">
                            <input type="checkbox" name="value[]" onchange=" $('.filter-ajax-waiting').addClass('show');$(this).closest('form').submit();" id="frm-productFilter-brandConstraintForm-value-438" value="438" aria-label="!Zlatopramen (14)">
                            <label for="frm-productFilter-brandConstraintForm-value-438">Zlatopramen (14)</label>
                        </div>


                                                         <div class="form-row" style="display: none;">
                            <input type="checkbox" name="value[]" onchange=" $('.filter-ajax-waiting').addClass('show');$(this).closest('form').submit();" id="frm-productFilter-brandConstraintForm-value-452" value="452" aria-label="!Zlatý Bažant (2)">
                            <label for="frm-productFilter-brandConstraintForm-value-452">Zlatý Bažant (2)</label>
                        </div>


                                                         <div class="form-row" style="display: none;">
                            <input type="checkbox" name="value[]" onchange=" $('.filter-ajax-waiting').addClass('show');$(this).closest('form').submit();" id="frm-productFilter-brandConstraintForm-value-359" value="359" aria-label="!Zlatý Šálek (2)">
                            <label for="frm-productFilter-brandConstraintForm-value-359">Zlatý Šálek (2)</label>
                        </div>


                                                         <div class="form-row" style="display: none;">
                            <input type="checkbox" name="value[]" onchange=" $('.filter-ajax-waiting').addClass('show');$(this).closest('form').submit();" id="frm-productFilter-brandConstraintForm-value-472" value="472" aria-label="!Znovín Znojmo (10)">
                            <label for="frm-productFilter-brandConstraintForm-value-472">Znovín Znojmo (10)</label>
                        </div>


                                                         <div class="form-row" style="display: none;">
                            <input type="checkbox" name="value[]" onchange=" $('.filter-ajax-waiting').addClass('show');$(this).closest('form').submit();" id="frm-productFilter-brandConstraintForm-value-2846" value="2846" aria-label="!Zolotoe (1)">
                            <label for="frm-productFilter-brandConstraintForm-value-2846">Zolotoe (1)</label>
                        </div>


                                                         <div class="form-row" style="display: none;">
                            <input type="checkbox" name="value[]" onchange=" $('.filter-ajax-waiting').addClass('show');$(this).closest('form').submit();" id="frm-productFilter-brandConstraintForm-value-903" value="903" aria-label="!Zon (39)">
                            <label for="frm-productFilter-brandConstraintForm-value-903">Zon (39)</label>
                        </div>


                                                         <div class="form-row" style="display: none;">
                            <input type="checkbox" name="value[]" onchange=" $('.filter-ajax-waiting').addClass('show');$(this).closest('form').submit();" id="frm-productFilter-brandConstraintForm-value-1721" value="1721" aria-label="!Zonin (5)">
                            <label for="frm-productFilter-brandConstraintForm-value-1721">Zonin (5)</label>
                        </div>


                                                         <div class="form-row" style="display: none;">
                            <input type="checkbox" name="value[]" onchange=" $('.filter-ajax-waiting').addClass('show');$(this).closest('form').submit();" id="frm-productFilter-brandConstraintForm-value-2082" value="2082" aria-label="!Zubr (3)">
                            <label for="frm-productFilter-brandConstraintForm-value-2082">Zubr (3)</label>
                        </div>


                                                         <div class="form-row" style="display: none;">
                            <input type="checkbox" name="value[]" onchange=" $('.filter-ajax-waiting').addClass('show');$(this).closest('form').submit();" id="frm-productFilter-brandConstraintForm-value-2157" value="2157" aria-label="!destination (5)">
                            <label for="frm-productFilter-brandConstraintForm-value-2157">destination (5)</label>
                        </div>


                                                         <div class="form-row" style="display: none;">
                            <input type="checkbox" name="value[]" onchange=" $('.filter-ajax-waiting').addClass('show');$(this).closest('form').submit();" id="frm-productFilter-brandConstraintForm-value-2160" value="2160" aria-label="!fentimans (5)">
                            <label for="frm-productFilter-brandConstraintForm-value-2160">fentimans (5)</label>
                        </div>


                                                         <div class="form-row" style="display: none;">
                            <input type="checkbox" name="value[]" onchange=" $('.filter-ajax-waiting').addClass('show');$(this).closest('form').submit();" id="frm-productFilter-brandConstraintForm-value-2449" value="2449" aria-label="!hostan (2)">
                            <label for="frm-productFilter-brandConstraintForm-value-2449">hostan (2)</label>
                        </div>


                                                         <div class="form-row" style="display: none;">
                            <input type="checkbox" name="value[]" onchange=" $('.filter-ajax-waiting').addClass('show');$(this).closest('form').submit();" id="frm-productFilter-brandConstraintForm-value-428" value="428" aria-label="!illy (9)">
                            <label for="frm-productFilter-brandConstraintForm-value-428">illy (9)</label>
                        </div>


                                                         <div class="form-row" style="display: none;">
                            <input type="checkbox" name="value[]" onchange=" $('.filter-ajax-waiting').addClass('show');$(this).closest('form').submit();" id="frm-productFilter-brandConstraintForm-value-2152" value="2152" aria-label="!pure coco (3)">
                            <label for="frm-productFilter-brandConstraintForm-value-2152">pure coco (3)</label>
                        </div>


                                                         <div class="form-row" style="display: none;">
                            <input type="checkbox" name="value[]" onchange=" $('.filter-ajax-waiting').addClass('show');$(this).closest('form').submit();" id="frm-productFilter-brandConstraintForm-value-2523" value="2523" aria-label="!Černá Hora (8)">
                            <label for="frm-productFilter-brandConstraintForm-value-2523">Černá Hora (8)</label>
                        </div>


                                                         <div class="form-row" style="display: none;">
                            <input type="checkbox" name="value[]" onchange=" $('.filter-ajax-waiting').addClass('show');$(this).closest('form').submit();" id="frm-productFilter-brandConstraintForm-value-2186" value="2186" aria-label="!Žufánek (3)">
                            <label for="frm-productFilter-brandConstraintForm-value-2186">Žufánek (3)</label>
                        </div>

																<a class="show-more-brands link-red">více značek</a>
																<a class="show-less-brands link-red" style="display: none;">méně značek</a>
                            <br><br>
                            <a class="link-red align-right" href="/napoje?do=productFilter-reset">zrušit filtr</a>
                </div>
                                <input type="hidden" name="do" value="productFilter-brandConstraintForm-submit">
        <!--[if IE]><input type=IEbug disabled style="display:none"><![endif]-->
</form>

</div>
                                                                    </div>
<script type="text/javascript" id="snippet-productFilter-scriptArea">
	$('.filter-more-result-column').hide();

//    $(document).ready(function () {
        $(document).ajaxComplete(function() {

            $('.filter-ajax-waiting').removeClass('show');


            var brandClass = 'show';
            var formRowClass = 'form-row';
            var filterCategoriesClass = 'filter-categories';
            var buttonsShowMoreClass = 'show-more-brands';
            var buttonsShowLessClass = 'show-less-brands';
            var filters = $('.filter-more-result');
            var defaultFilterInputs = {"brand":[87,358,468,3167,399,389,361,1255,324,469]};

            function hideCheckboxes(rows, key) {

                if (rows.legnth <= 10) {
                    return;
                }

            rows.each(function (i, e) {
                var val = +$(e).find("input").val();
                var arr = defaultFilterInputs[key];

                if ($.inArray(val, arr) === -1) {
                    $(e).hide();
                }
            });
        }

            $('.' + buttonsShowMoreClass).on('click', function (e) {
                e.stopPropagation();

                var filterCategories = $(this).closest('.' + filterCategoriesClass);

                for (var key in defaultFilterInputs) {
                    if (defaultFilterInputs.hasOwnProperty(key)) {
                        if (filterCategories.attr("id") === "filter-" + key) {
                            continue;
                        }
                        var rows = $('#filter-' + key + ' .' + formRowClass);
                        hideCheckboxes(rows, key);
                        $('#filter-' + key + ' .' + buttonsShowMoreClass).show();
                    }
                }

                filterCategories
                        .find('.' + formRowClass)
                        .show();

                $('.' + buttonsShowLessClass).hide();

                filterCategories
                        .find('.' + buttonsShowLessClass)
                        .show();

                $(this).hide();
            });


            $('.' + buttonsShowLessClass).on('click', function (e) {
                e.stopPropagation();

                var filterCategories = $(this).closest('.' + filterCategoriesClass);
                var key = filterCategories.attr("id").split("-")[1];
                var rows = filterCategories.find('.' + formRowClass);

                hideCheckboxes(rows, key);

                filterCategories
                        .find('.' + buttonsShowMoreClass)
                        .show();

                $(this).hide();
            });

            filters.on('click', function(e){
                e.stopPropagation();
            });

            $('html, body').on('click', function(){
                filters.removeClass(brandClass);
            });

            $('.filter-more-result .kosik-modal-close').on('click', function () {
                filters.removeClass(brandClass);
            });

            $('.filter-constraint').each(function () {
                enableAutoSubmit('#' + $(this).attr('id'));
            });

            function enableAutoSubmit(selector) {

                if ($(selector).hasClass('filter-range')) {
                    $(document).on('mouseup', selector, function () {
                        $('.filter-ajax-waiting').addClass('show');
                        $(this).closest('form').submit();
                    });
                }

//                $(document).ajaxComplete(function(){
//                    $('.filter-ajax-waiting').removeClass('show');
//                })
            }
        });
//    });
</script>
				</div>
			</div>
		</div>

		<div class="region-products-popular">
<a href="https://www.kosik.cz/hledat?q=mattoni+ochucene+v+akci"><img src="https://cdn.kosik.cz/content/category-banner/png/default/1042.png" alt="whiskas"></a><br><br>

		<div class="region region-carousel region-products no-aside product-widget">
			<div class="home-product-widget region-inner region-products-inner slick-carousel" data-open="3" data-close="4">
				<div class="block block-title">
					<h3>Doporučujeme</h3>
				</div>
<div class="block block-product-items product-items" data-ajax-append="product-item" id="snippet-productWidget-widgetCarousel-1-productListArea">
    <div id="product-append-7976" class="product-item">
        <div class="product-item-flags">
            <div class="flag-sale ">
                <span class="percents">23<small>&#37;</small></span>
            </div>
        </div>
        <div class="product-item-image">
                <a data-href="/napoje?productWidget-widgetCarousel-1-id=7976&amp;do=productWidget-widgetCarousel-1-modal"
                   data-target="productWidget-widgetCarousel-1-productModal"
                   data-product-id="7976"
                   data-product-price="25.9"
                   data-page-title="Pilsner Urquell, světlý ležák, sklo 0,5l"
                   data-page-path="/produkt/7976-pilsner-urquell-svetly-lezak-sklo-0-5l"
                   data-user-id=""
                   aria-hidden="true"
                   data-kosikmodal-onclose="currentPageDataPush"
                   onclick="kosikAjax.click(this, initModalCarousel(this))">
                    <img src="https://cdn.kosik.cz/content/product/jpg/list/placeholder.jpg" data-src="https://cdn.kosik.cz/content/product/jpg/list/13509.jpg" alt="Pilsner Urquell, světlý ležák, sklo 0,5l" class="loading-images loading-image">
                </a>




        </div>
                <div class="product-item-info">
                <h5><a href="javascript:void(0)" aria-label="Pilsner Urquell, světlý ležák, sklo 0,5l" data-href="/napoje?productWidget-widgetCarousel-1-id=7976&amp;do=productWidget-widgetCarousel-1-modal" class="product-name modal-link"
                   data-target="productWidget-widgetCarousel-1-productModal" onclick="kosikAjax.click(this, initModalCarousel(this))">
                    Pilsner Urquell, světlý ležák, sklo 0,5l
                    
                </a></h5>
            <p class="product-item-price product-in-discount">
                <span class="price-before-discount">
					<span><strong class="price">25,90 Kč</strong></span>
				</span>
                <strong class="price">19,90 Kč</strong>

            </p>
            <p class="product-item-unit">
                    (<strong class="price">39,80 Kč</strong> / l)
            </p>
                        <div class="product-list-rating">
                <span><ul class="rating"><li class="rating-children rating-1 up" data-rating="1"><i class="fa fa-star"></i></li><li class="rating-children rating-2 up" data-rating="2"><i class="fa fa-star"></i></li><li class="rating-children rating-3 up" data-rating="3"><i class="fa fa-star"></i></li><li class="rating-children rating-4 up" data-rating="4"><i class="fa fa-star"></i></li><li class="rating-children rating-5 down" data-rating="5"><i class="fa fa-star"></i></li></ul></span>
            </div>
<div id="snippet-productWidget-widgetCarousel-1-buy-7976-quantity">        <div class="product-quantity-control">
            <form action="/napoje" method="post" class="ajax" id="frm-productWidget-widgetCarousel-1-buy-7976-quantityForm">
                <input type="text" name="quantity" size="3" id="frm-productWidget-widgetCarousel-1-buy-7976-quantityForm-quantity" data-nette-rules='[{"op":":integer","msg":"Množství musí být číslo."}]' value="1" aria-label="počet k přidání">
                <input type="submit" name="_submit" value="Přidat" class="product-quantity-control-submit plus" aria-label="přidat počet do košíku">
            <input type="hidden" name="do" value="productWidget-widgetCarousel-1-buy-7976-quantityForm-submit"><!--[if IE]><input type=IEbug disabled style="display:none"><![endif]-->
</form>

        </div>
</div>
                <p class="product-incart-info accessible">Produkt nemáte v košíku</p>


        </div>

        
    </div>
    <div id="product-append-30573" class="product-item">
        <div class="product-item-flags">
            <div class="flag-sale ">
                <span class="percents">29<small>&#37;</small></span>
            </div>
        </div>
        <div class="product-item-image">
                <a data-href="/napoje?productWidget-widgetCarousel-1-id=30573&amp;do=productWidget-widgetCarousel-1-modal"
                   data-target="productWidget-widgetCarousel-1-productModal"
                   data-product-id="30573"
                   data-product-price="209.9"
                   data-page-title="Znovín Znojmo Tramín červený 2016 pozdní sběr Lacerta Viridis 0,75l"
                   data-page-path="/produkt/30573-znovin-znojmo-tramin-cerveny-2016-pozdni-sber-lacerta-viridis-0-75l"
                   data-user-id=""
                   aria-hidden="true"
                   data-kosikmodal-onclose="currentPageDataPush"
                   onclick="kosikAjax.click(this, initModalCarousel(this))">
                    <img src="https://cdn.kosik.cz/content/product/jpg/list/placeholder.jpg" data-src="https://cdn.kosik.cz/content/product/jpg/list/47969.jpg" alt="Znovín Znojmo Tramín červený 2016 pozdní sběr Lacerta Viridis 0,75l" class="loading-images loading-image">
                </a>




        </div>
                <div class="product-item-info">
                <h5><a href="javascript:void(0)" aria-label="Znovín Znojmo Tramín červený 2016 pozdní sběr Lacerta Viridis 0,75l" data-href="/napoje?productWidget-widgetCarousel-1-id=30573&amp;do=productWidget-widgetCarousel-1-modal" class="product-name modal-link"
                   data-target="productWidget-widgetCarousel-1-productModal" onclick="kosikAjax.click(this, initModalCarousel(this))">
                    Znovín Znojmo Tramín červený 2016 pozdní sběr Lacerta Viridis 0,75l
                    
                </a></h5>
            <p class="product-item-price product-in-discount">
                <span class="price-before-discount">
					<span><strong class="price">209,90 Kč</strong></span>
				</span>
                <strong class="price">149,90 Kč</strong>

            </p>
            <p class="product-item-unit">
                    (<strong class="price">199,90 Kč</strong> / l)
            </p>
                        <div class="product-list-rating">
            </div>
<div id="snippet-productWidget-widgetCarousel-1-buy-30573-quantity">        <div class="product-quantity-control">
            <form action="/napoje" method="post" class="ajax" id="frm-productWidget-widgetCarousel-1-buy-30573-quantityForm">
                <input type="text" name="quantity" size="3" id="frm-productWidget-widgetCarousel-1-buy-30573-quantityForm-quantity" data-nette-rules='[{"op":":integer","msg":"Množství musí být číslo."}]' value="1" aria-label="počet k přidání">
                <input type="submit" name="_submit" value="Přidat" class="product-quantity-control-submit plus" aria-label="přidat počet do košíku">
            <input type="hidden" name="do" value="productWidget-widgetCarousel-1-buy-30573-quantityForm-submit"><!--[if IE]><input type=IEbug disabled style="display:none"><![endif]-->
</form>

        </div>
</div>
                <p class="product-incart-info accessible">Produkt nemáte v košíku</p>


        </div>

        
    </div>
    <div id="product-append-2584" class="product-item">
        <div class="product-item-flags">
            <div class="flag-sale ">
                <span class="percents">33<small>&#37;</small></span>
            </div>
        </div>
        <div class="product-item-image">
                <a data-href="/napoje?productWidget-widgetCarousel-1-id=2584&amp;do=productWidget-widgetCarousel-1-modal"
                   data-target="productWidget-widgetCarousel-1-productModal"
                   data-product-id="2584"
                   data-product-price="51.9"
                   data-page-title="Pfanner 100% pomerančová šťáva 1l"
                   data-page-path="/produkt/2584-pfanner-100-pomerancova-stava-1l"
                   data-user-id=""
                   aria-hidden="true"
                   data-kosikmodal-onclose="currentPageDataPush"
                   onclick="kosikAjax.click(this, initModalCarousel(this))">
                    <img src="https://cdn.kosik.cz/content/product/jpg/list/placeholder.jpg" data-src="https://cdn.kosik.cz/content/product/jpg/list/2683.jpg" alt="Pfanner 100% pomerančová šťáva 1l" class="loading-images loading-image">
                </a>




        </div>
                <div class="product-item-info">
                <h5><a href="javascript:void(0)" aria-label="Pfanner 100% pomerančová šťáva 1l" data-href="/napoje?productWidget-widgetCarousel-1-id=2584&amp;do=productWidget-widgetCarousel-1-modal" class="product-name modal-link"
                   data-target="productWidget-widgetCarousel-1-productModal" onclick="kosikAjax.click(this, initModalCarousel(this))">
                    Pfanner 100% pomerančová šťáva 1l
                    
                </a></h5>
            <p class="product-item-price product-in-discount">
                <span class="price-before-discount">
					<span><strong class="price">51,90 Kč</strong></span>
				</span>
                <strong class="price">34,90 Kč</strong>

            </p>
            <p class="product-item-unit">
                    (<strong class="price">34,90 Kč</strong> / l)
            </p>
                        <div class="product-list-rating">
            </div>
<div id="snippet-productWidget-widgetCarousel-1-buy-2584-quantity">        <div class="product-quantity-control">
            <form action="/napoje" method="post" class="ajax" id="frm-productWidget-widgetCarousel-1-buy-2584-quantityForm">
                <input type="text" name="quantity" size="3" id="frm-productWidget-widgetCarousel-1-buy-2584-quantityForm-quantity" data-nette-rules='[{"op":":integer","msg":"Množství musí být číslo."}]' value="1" aria-label="počet k přidání">
                <input type="submit" name="_submit" value="Přidat" class="product-quantity-control-submit plus" aria-label="přidat počet do košíku">
            <input type="hidden" name="do" value="productWidget-widgetCarousel-1-buy-2584-quantityForm-submit"><!--[if IE]><input type=IEbug disabled style="display:none"><![endif]-->
</form>

        </div>
</div>
                <p class="product-incart-info accessible">Produkt nemáte v košíku</p>


        </div>

        
    </div>
    <div id="product-append-49368" class="product-item">
        <div class="product-item-flags">
            <div class="flag-sale ">
                <span class="percents">25<small>&#37;</small></span>
            </div>
        </div>
        <div class="product-item-image">
                <a data-href="/napoje?productWidget-widgetCarousel-1-id=49368&amp;do=productWidget-widgetCarousel-1-modal"
                   data-target="productWidget-widgetCarousel-1-productModal"
                   data-product-id="49368"
                   data-product-price="39.9"
                   data-page-title="Dobrý sirup do mléka banán 0,5l"
                   data-page-path="/produkt/49368-dobry-sirup-do-mleka-banan-0-5l"
                   data-user-id=""
                   aria-hidden="true"
                   data-kosikmodal-onclose="currentPageDataPush"
                   onclick="kosikAjax.click(this, initModalCarousel(this))">
                    <img src="https://cdn.kosik.cz/content/product/jpg/list/placeholder.jpg" data-src="https://cdn.kosik.cz/content/product/jpg/list/66930.jpg" alt="Dobrý sirup do mléka banán 0,5l" class="loading-images loading-image">
                </a>




        </div>
                <div class="product-item-info">
                <h5><a href="javascript:void(0)" aria-label="Dobrý sirup do mléka banán 0,5l" data-href="/napoje?productWidget-widgetCarousel-1-id=49368&amp;do=productWidget-widgetCarousel-1-modal" class="product-name modal-link"
                   data-target="productWidget-widgetCarousel-1-productModal" onclick="kosikAjax.click(this, initModalCarousel(this))">
                    Dobrý sirup do mléka banán 0,5l
                    <br><span class="new-product">Novinka</span>
                </a></h5>
            <p class="product-item-price product-in-discount">
                <span class="price-before-discount">
					<span><strong class="price">39,90 Kč</strong></span>
				</span>
                <strong class="price">29,90 Kč</strong>

            </p>
            <p class="product-item-unit">
                    (<strong class="price">59,80 Kč</strong> / l)
            </p>
                        <div class="product-list-rating">
            </div>
<div id="snippet-productWidget-widgetCarousel-1-buy-49368-quantity">        <div class="product-quantity-control">
            <form action="/napoje" method="post" class="ajax" id="frm-productWidget-widgetCarousel-1-buy-49368-quantityForm">
                <input type="text" name="quantity" size="3" id="frm-productWidget-widgetCarousel-1-buy-49368-quantityForm-quantity" data-nette-rules='[{"op":":integer","msg":"Množství musí být číslo."}]' value="1" aria-label="počet k přidání">
                <input type="submit" name="_submit" value="Přidat" class="product-quantity-control-submit plus" aria-label="přidat počet do košíku">
            <input type="hidden" name="do" value="productWidget-widgetCarousel-1-buy-49368-quantityForm-submit"><!--[if IE]><input type=IEbug disabled style="display:none"><![endif]-->
</form>

        </div>
</div>
                <p class="product-incart-info accessible">Produkt nemáte v košíku</p>


        </div>

        
    </div>
    <div id="product-append-49390" class="product-item">
        <div class="product-item-flags">
            <div class="flag-sale ">
                <span class="percents">27<small>&#37;</small></span>
            </div>
        </div>
        <div class="product-item-image">
                <a data-href="/napoje?productWidget-widgetCarousel-1-id=49390&amp;do=productWidget-widgetCarousel-1-modal"
                   data-target="productWidget-widgetCarousel-1-productModal"
                   data-product-id="49390"
                   data-product-price="36.9"
                   data-page-title="Aquila Fruttimo grep &amp; pomeranč 1l"
                   data-page-path="/produkt/49390-aquila-fruttimo-grep-pomeranc-1l"
                   data-user-id=""
                   aria-hidden="true"
                   data-kosikmodal-onclose="currentPageDataPush"
                   onclick="kosikAjax.click(this, initModalCarousel(this))">
                    <img src="https://cdn.kosik.cz/content/product/jpg/list/placeholder.jpg" data-src="https://cdn.kosik.cz/content/product/jpg/list/66952.jpg" alt="Aquila Fruttimo grep &amp; pomeranč 1l" class="loading-images loading-image">
                </a>




        </div>
                <div class="product-item-info">
                <h5><a href="javascript:void(0)" aria-label="Aquila Fruttimo grep &amp; pomeranč 1l" data-href="/napoje?productWidget-widgetCarousel-1-id=49390&amp;do=productWidget-widgetCarousel-1-modal" class="product-name modal-link"
                   data-target="productWidget-widgetCarousel-1-productModal" onclick="kosikAjax.click(this, initModalCarousel(this))">
                    Aquila Fruttimo grep &amp; pomeranč 1l
                    <br><span class="new-product">Novinka</span>
                </a></h5>
            <p class="product-item-price product-in-discount">
                <span class="price-before-discount">
					<span><strong class="price">36,90 Kč</strong></span>
				</span>
                <strong class="price">26,90 Kč</strong>

            </p>
            <p class="product-item-unit">
                    (<strong class="price">26,90 Kč</strong> / l)
            </p>
                        <div class="product-list-rating">
            </div>
<div id="snippet-productWidget-widgetCarousel-1-buy-49390-quantity">        <div class="product-quantity-control">
            <form action="/napoje" method="post" class="ajax" id="frm-productWidget-widgetCarousel-1-buy-49390-quantityForm">
                <input type="text" name="quantity" size="3" id="frm-productWidget-widgetCarousel-1-buy-49390-quantityForm-quantity" data-nette-rules='[{"op":":integer","msg":"Množství musí být číslo."}]' value="1" aria-label="počet k přidání">
                <input type="submit" name="_submit" value="Přidat" class="product-quantity-control-submit plus" aria-label="přidat počet do košíku">
            <input type="hidden" name="do" value="productWidget-widgetCarousel-1-buy-49390-quantityForm-submit"><!--[if IE]><input type=IEbug disabled style="display:none"><![endif]-->
</form>

        </div>
</div>
                <p class="product-incart-info accessible">Produkt nemáte v košíku</p>


        </div>

        
    </div>
    <div id="product-append-49384" class="product-item">
        <div class="product-item-flags">
        </div>
        <div class="product-item-image">
                <a data-href="/napoje?productWidget-widgetCarousel-1-id=49384&amp;do=productWidget-widgetCarousel-1-modal"
                   data-target="productWidget-widgetCarousel-1-productModal"
                   data-product-id="49384"
                   data-product-price="34.9"
                   data-page-title="Magnesia Extra 0,7l"
                   data-page-path="/produkt/49384-magnesia-extra-0-7l"
                   data-user-id=""
                   aria-hidden="true"
                   data-kosikmodal-onclose="currentPageDataPush"
                   onclick="kosikAjax.click(this, initModalCarousel(this))">
                    <img src="https://cdn.kosik.cz/content/product/jpg/list/placeholder.jpg" data-src="https://cdn.kosik.cz/content/product/jpg/list/66946.jpg" alt="Magnesia Extra 0,7l" class="loading-images loading-image">
                </a>




        </div>
                <div class="product-item-info">
                <h5><a href="javascript:void(0)" aria-label="Magnesia Extra 0,7l" data-href="/napoje?productWidget-widgetCarousel-1-id=49384&amp;do=productWidget-widgetCarousel-1-modal" class="product-name modal-link"
                   data-target="productWidget-widgetCarousel-1-productModal" onclick="kosikAjax.click(this, initModalCarousel(this))">
                    Magnesia Extra 0,7l
                    <br><span class="new-product">Novinka</span>
                </a></h5>
            <p class="product-item-price ">
                <span class="price-before-discount">
				</span>
                <strong class="price">34,90 Kč</strong>

            </p>
            <p class="product-item-unit">
                    (<strong class="price">49,90 Kč</strong> / l)
            </p>
                        <div class="product-list-rating">
            </div>
<div id="snippet-productWidget-widgetCarousel-1-buy-49384-quantity">        <div class="product-quantity-control">
            <form action="/napoje" method="post" class="ajax" id="frm-productWidget-widgetCarousel-1-buy-49384-quantityForm">
                <input type="text" name="quantity" size="3" id="frm-productWidget-widgetCarousel-1-buy-49384-quantityForm-quantity" data-nette-rules='[{"op":":integer","msg":"Množství musí být číslo."}]' value="1" aria-label="počet k přidání">
                <input type="submit" name="_submit" value="Přidat" class="product-quantity-control-submit plus" aria-label="přidat počet do košíku">
            <input type="hidden" name="do" value="productWidget-widgetCarousel-1-buy-49384-quantityForm-submit"><!--[if IE]><input type=IEbug disabled style="display:none"><![endif]-->
</form>

        </div>
</div>
                <p class="product-incart-info accessible">Produkt nemáte v košíku</p>


        </div>

        
    </div>
    <div id="product-append-49534" class="product-item">
        <div class="product-item-flags">
        </div>
        <div class="product-item-image">
                <a data-href="/napoje?productWidget-widgetCarousel-1-id=49534&amp;do=productWidget-widgetCarousel-1-modal"
                   data-target="productWidget-widgetCarousel-1-productModal"
                   data-product-id="49534"
                   data-product-price="139.9"
                   data-page-title="Staropramen Extra chmelená 12 Limitovaná edice, světlý ležák, sklo 8x0,5l"
                   data-page-path="/produkt/49534-staropramen-extra-chmelena-12-limitovana-edice-svetly-lezak-sklo-8x0-5l"
                   data-user-id=""
                   aria-hidden="true"
                   data-kosikmodal-onclose="currentPageDataPush"
                   onclick="kosikAjax.click(this, initModalCarousel(this))">
                    <img src="https://cdn.kosik.cz/content/product/jpg/list/placeholder.jpg" data-src="https://cdn.kosik.cz/content/product/jpg/list/67099.jpg" alt="Staropramen Extra chmelená 12 Limitovaná edice, světlý ležák, sklo 8x0,5l" class="loading-images loading-image">
                </a>




        </div>
                <div class="product-item-info">
                <h5><a href="javascript:void(0)" aria-label="Staropramen Extra chmelená 12 Limitovaná edice, světlý ležák, sklo 8x0,5l" data-href="/napoje?productWidget-widgetCarousel-1-id=49534&amp;do=productWidget-widgetCarousel-1-modal" class="product-name modal-link"
                   data-target="productWidget-widgetCarousel-1-productModal" onclick="kosikAjax.click(this, initModalCarousel(this))">
                    Staropramen Extra chmelená 12 Limitovaná edice, světlý ležák, sklo 8x0,5l
                    <br><span class="new-product">Novinka</span>
                </a></h5>
            <p class="product-item-price ">
                <span class="price-before-discount">
				</span>
                <strong class="price">139,90 Kč</strong>

            </p>
            <p class="product-item-unit">
                    (<strong class="price">35,00 Kč</strong> / l)
            </p>
                        <div class="product-list-rating">
            </div>
<div id="snippet-productWidget-widgetCarousel-1-buy-49534-quantity">        <div class="product-quantity-control">
            <form action="/napoje" method="post" class="ajax" id="frm-productWidget-widgetCarousel-1-buy-49534-quantityForm">
                <input type="text" name="quantity" size="3" id="frm-productWidget-widgetCarousel-1-buy-49534-quantityForm-quantity" data-nette-rules='[{"op":":integer","msg":"Množství musí být číslo."}]' value="1" aria-label="počet k přidání">
                <input type="submit" name="_submit" value="Přidat" class="product-quantity-control-submit plus" aria-label="přidat počet do košíku">
            <input type="hidden" name="do" value="productWidget-widgetCarousel-1-buy-49534-quantityForm-submit"><!--[if IE]><input type=IEbug disabled style="display:none"><![endif]-->
</form>

        </div>
</div>
                <p class="product-incart-info accessible">Produkt nemáte v košíku</p>


        </div>

        
    </div>
    <div id="product-append-41590" class="product-item">
        <div class="product-item-flags">
            <div class="flag-sale ">
                <span class="percents">15<small>&#37;</small></span>
            </div>
        </div>
        <div class="product-item-image">
                <a data-href="/napoje?productWidget-widgetCarousel-1-id=41590&amp;do=productWidget-widgetCarousel-1-modal"
                   data-target="productWidget-widgetCarousel-1-productModal"
                   data-product-id="41590"
                   data-product-price="199.9"
                   data-page-title="Ahmad Tea Bylinkový čaj s tymiánem Christmas Kiss 60g"
                   data-page-path="/produkt/41590-ahmad-tea-bylinkovy-caj-s-tymianem-christmas-kiss-60g"
                   data-user-id=""
                   aria-hidden="true"
                   data-kosikmodal-onclose="currentPageDataPush"
                   onclick="kosikAjax.click(this, initModalCarousel(this))">
                    <img src="https://cdn.kosik.cz/content/product/jpg/list/placeholder.jpg" data-src="https://cdn.kosik.cz/content/product/jpg/list/59307.jpg" alt="Ahmad Tea Bylinkový čaj s tymiánem Christmas Kiss 60g" class="loading-images loading-image">
                </a>




        </div>
                <div class="product-item-info">
                <h5><a href="javascript:void(0)" aria-label="Ahmad Tea Bylinkový čaj s tymiánem Christmas Kiss 60g" data-href="/napoje?productWidget-widgetCarousel-1-id=41590&amp;do=productWidget-widgetCarousel-1-modal" class="product-name modal-link"
                   data-target="productWidget-widgetCarousel-1-productModal" onclick="kosikAjax.click(this, initModalCarousel(this))">
                    Ahmad Tea Bylinkový čaj s tymiánem Christmas Kiss 60g
                    
                </a></h5>
            <p class="product-item-price product-in-discount">
                <span class="price-before-discount">
					<span><strong class="price">199,90 Kč</strong></span>
				</span>
                <strong class="price">169,90 Kč</strong>

            </p>
            <p class="product-item-unit">
                    (<strong class="price">2,80 Kč</strong> / g)
            </p>
                        <div class="product-list-rating">
            </div>
<div id="snippet-productWidget-widgetCarousel-1-buy-41590-quantity">        <div class="product-quantity-control">
            <form action="/napoje" method="post" class="ajax" id="frm-productWidget-widgetCarousel-1-buy-41590-quantityForm">
                <input type="text" name="quantity" size="3" id="frm-productWidget-widgetCarousel-1-buy-41590-quantityForm-quantity" data-nette-rules='[{"op":":integer","msg":"Množství musí být číslo."}]' value="1" aria-label="počet k přidání">
                <input type="submit" name="_submit" value="Přidat" class="product-quantity-control-submit plus" aria-label="přidat počet do košíku">
            <input type="hidden" name="do" value="productWidget-widgetCarousel-1-buy-41590-quantityForm-submit"><!--[if IE]><input type=IEbug disabled style="display:none"><![endif]-->
</form>

        </div>
</div>
                <p class="product-incart-info accessible">Produkt nemáte v košíku</p>


        </div>

        
    </div>
    <div id="product-append-29844" class="product-item">
        <div class="product-item-flags">
            <div class="flag-sale ">
                <span class="percents">17<small>&#37;</small></span>
            </div>
        </div>
        <div class="product-item-image">
                <a data-href="/napoje?productWidget-widgetCarousel-1-id=29844&amp;do=productWidget-widgetCarousel-1-modal"
                   data-target="productWidget-widgetCarousel-1-productModal"
                   data-product-id="29844"
                   data-product-price="29.9"
                   data-page-title="Almdudler Alpská bylinková limonáda 0,35l"
                   data-page-path="/produkt/29844-almdudler-alpska-bylinkova-limonada-0-35l"
                   data-user-id=""
                   aria-hidden="true"
                   data-kosikmodal-onclose="currentPageDataPush"
                   onclick="kosikAjax.click(this, initModalCarousel(this))">
                    <img src="https://cdn.kosik.cz/content/product/jpg/list/placeholder.jpg" data-src="https://cdn.kosik.cz/content/product/jpg/list/47233.jpg" alt="Almdudler Alpská bylinková limonáda 0,35l" class="loading-images loading-image">
                </a>




        </div>
                <div class="product-item-info">
                <h5><a href="javascript:void(0)" aria-label="Almdudler Alpská bylinková limonáda 0,35l" data-href="/napoje?productWidget-widgetCarousel-1-id=29844&amp;do=productWidget-widgetCarousel-1-modal" class="product-name modal-link"
                   data-target="productWidget-widgetCarousel-1-productModal" onclick="kosikAjax.click(this, initModalCarousel(this))">
                    Almdudler Alpská bylinková limonáda 0,35l
                    
                </a></h5>
            <p class="product-item-price product-in-discount">
                <span class="price-before-discount">
					<span><strong class="price">29,90 Kč</strong></span>
				</span>
                <strong class="price">24,90 Kč</strong>

            </p>
            <p class="product-item-unit">
                    (<strong class="price">71,10 Kč</strong> / l)
            </p>
                        <div class="product-list-rating">
            </div>
<div id="snippet-productWidget-widgetCarousel-1-buy-29844-quantity">        <div class="product-quantity-control">
            <form action="/napoje" method="post" class="ajax" id="frm-productWidget-widgetCarousel-1-buy-29844-quantityForm">
                <input type="text" name="quantity" size="3" id="frm-productWidget-widgetCarousel-1-buy-29844-quantityForm-quantity" data-nette-rules='[{"op":":integer","msg":"Množství musí být číslo."}]' value="1" aria-label="počet k přidání">
                <input type="submit" name="_submit" value="Přidat" class="product-quantity-control-submit plus" aria-label="přidat počet do košíku">
            <input type="hidden" name="do" value="productWidget-widgetCarousel-1-buy-29844-quantityForm-submit"><!--[if IE]><input type=IEbug disabled style="display:none"><![endif]-->
</form>

        </div>
</div>
                <p class="product-incart-info accessible">Produkt nemáte v košíku</p>


        </div>

        
    </div>
    <div id="product-append-28303" class="product-item">
        <div class="product-item-flags">
            <div class="flag-sale ">
                <span class="percents">24<small>&#37;</small></span>
            </div>
        </div>
        <div class="product-item-image">
                <a data-href="/napoje?productWidget-widgetCarousel-1-id=28303&amp;do=productWidget-widgetCarousel-1-modal"
                   data-target="productWidget-widgetCarousel-1-productModal"
                   data-product-id="28303"
                   data-product-price="327.9"
                   data-page-title="ALPHA Axia Malagouzia bílé 0,75l"
                   data-page-path="/produkt/28303-alpha-axia-malagouzia-bile-0-75l"
                   data-user-id=""
                   aria-hidden="true"
                   data-kosikmodal-onclose="currentPageDataPush"
                   onclick="kosikAjax.click(this, initModalCarousel(this))">
                    <img src="https://cdn.kosik.cz/content/product/jpg/list/placeholder.jpg" data-src="https://cdn.kosik.cz/content/product/jpg/list/45640.jpg" alt="ALPHA Axia Malagouzia bílé 0,75l" class="loading-images loading-image">
                </a>




        </div>
                <div class="product-item-info">
                <h5><a href="javascript:void(0)" aria-label="ALPHA Axia Malagouzia bílé 0,75l" data-href="/napoje?productWidget-widgetCarousel-1-id=28303&amp;do=productWidget-widgetCarousel-1-modal" class="product-name modal-link"
                   data-target="productWidget-widgetCarousel-1-productModal" onclick="kosikAjax.click(this, initModalCarousel(this))">
                    ALPHA Axia Malagouzia bílé 0,75l
                    
                </a></h5>
            <p class="product-item-price product-in-discount">
                <span class="price-before-discount">
					<span><strong class="price">327,90 Kč</strong></span>
				</span>
                <strong class="price">249,90 Kč</strong>

            </p>
            <p class="product-item-unit">
                    (<strong class="price">333,20 Kč</strong> / l)
            </p>
                        <div class="product-list-rating">
            </div>
<div id="snippet-productWidget-widgetCarousel-1-buy-28303-quantity">        <div class="product-quantity-control">
            <form action="/napoje" method="post" class="ajax" id="frm-productWidget-widgetCarousel-1-buy-28303-quantityForm">
                <input type="text" name="quantity" size="3" id="frm-productWidget-widgetCarousel-1-buy-28303-quantityForm-quantity" data-nette-rules='[{"op":":integer","msg":"Množství musí být číslo."}]' value="1" aria-label="počet k přidání">
                <input type="submit" name="_submit" value="Přidat" class="product-quantity-control-submit plus" aria-label="přidat počet do košíku">
            <input type="hidden" name="do" value="productWidget-widgetCarousel-1-buy-28303-quantityForm-submit"><!--[if IE]><input type=IEbug disabled style="display:none"><![endif]-->
</form>

        </div>
</div>
                <p class="product-incart-info accessible">Produkt nemáte v košíku</p>


        </div>

        
    </div>
    <div id="product-append-8561" class="product-item">
        <div class="product-item-flags">
            <div class="flag-sale ">
                <span class="percents">12<small>&#37;</small></span>
            </div>
        </div>
        <div class="product-item-image">
                <a data-href="/napoje?productWidget-widgetCarousel-1-id=8561&amp;do=productWidget-widgetCarousel-1-modal"
                   data-target="productWidget-widgetCarousel-1-productModal"
                   data-product-id="8561"
                   data-product-price="16.9"
                   data-page-title="Aquila neperlivá sklo 0.75l"
                   data-page-path="/produkt/8561-aquila-neperliva-sklo-0-75l"
                   data-user-id=""
                   aria-hidden="true"
                   data-kosikmodal-onclose="currentPageDataPush"
                   onclick="kosikAjax.click(this, initModalCarousel(this))">
                    <img src="https://cdn.kosik.cz/content/product/jpg/list/placeholder.jpg" data-src="https://cdn.kosik.cz/content/product/jpg/list/16011.jpg" alt="Aquila neperlivá sklo 0.75l" class="loading-images loading-image">
                </a>




        </div>
                <div class="product-item-info">
                <h5><a href="javascript:void(0)" aria-label="Aquila neperlivá sklo 0.75l" data-href="/napoje?productWidget-widgetCarousel-1-id=8561&amp;do=productWidget-widgetCarousel-1-modal" class="product-name modal-link"
                   data-target="productWidget-widgetCarousel-1-productModal" onclick="kosikAjax.click(this, initModalCarousel(this))">
                    Aquila neperlivá sklo 0.75l
                    
                </a></h5>
            <p class="product-item-price product-in-discount">
                <span class="price-before-discount">
					<span><strong class="price">16,90 Kč</strong></span>
				</span>
                <strong class="price">14,90 Kč</strong>

            </p>
            <p class="product-item-unit">
                    (<strong class="price">19,90 Kč</strong> / l)
            </p>
                        <div class="product-list-rating">
            </div>
<div id="snippet-productWidget-widgetCarousel-1-buy-8561-quantity">        <div class="product-quantity-control">
            <form action="/napoje" method="post" class="ajax" id="frm-productWidget-widgetCarousel-1-buy-8561-quantityForm">
                <input type="text" name="quantity" size="3" id="frm-productWidget-widgetCarousel-1-buy-8561-quantityForm-quantity" data-nette-rules='[{"op":":integer","msg":"Množství musí být číslo."}]' value="1" aria-label="počet k přidání">
                <input type="submit" name="_submit" value="Přidat" class="product-quantity-control-submit plus" aria-label="přidat počet do košíku">
            <input type="hidden" name="do" value="productWidget-widgetCarousel-1-buy-8561-quantityForm-submit"><!--[if IE]><input type=IEbug disabled style="display:none"><![endif]-->
</form>

        </div>
</div>
                <p class="product-incart-info accessible">Produkt nemáte v košíku</p>


        </div>

        
    </div>
</div>

<div class="kosik-modal-overlay product-modal" id="productWidget-widgetCarousel-1-productModal" role="dialog">
    <div class="kosik-modal-inner large super-scaled" id="snippet-productWidget-widgetCarousel-1-productModalArea">
    </div>
</div>


<div class="kosik-modal-overlay" id="productWidget-widgetCarousel-1-productSetModal" role="dialog">
    <div class="kosik-modal-inner large super-scaled" id="snippet-productWidget-widgetCarousel-1-productSetModalArea">
    </div>
</div>
			</div>
		</div>

			<div class="region region-title-afinity-select no-aside clearfix" role="main">
				<div class="region-inner region-title-afinity-select-inner">
																					<div class="block block-title">
						<h1>Nápoje</h1>
					</div>
					<div id="snippet--primaryFilterArea">
<form action="/napoje" method="post" class="ajax" id="frm-productPrimaryFilter-constraintForm">
<div class="block block-afinity-groups">
	<div class="afinity-group" tabindex="0">
		<label for="bio">
			<input type="checkbox" id="bio" value="bio" name="bio" onchange='$(this).closest("form").submit();'>
			<div class="group-icon"><span class="icon-afinity-Bio"></span></div>
			<span class="group-name">Bio</span>
		</label>
	</div>
	<div class="afinity-group" tabindex="0">
		<label for="noAleurone">
			<input type="checkbox" id="noAleurone" value="noAleurone" name="noAleurone" onchange='$(this).closest("form").submit();'>
			<div class="group-icon strike-through"><span class="icon-afinity-Wheat"></span></div>
			<span class="group-name">Bez lepku</span>
		</label>
	</div>
	<div class="afinity-group" tabindex="0">
		<label for="noLactose">
			<input type="checkbox" id="noLactose" value="noLactose" name="noLactose" onchange='$(this).closest("form").submit();'>
			<div class="group-icon strike-through"><span class="icon-afinity-Milk"></span></div>
			<span class="group-name">Bez laktózy</span>
		</label>
	</div>
	<div class="afinity-group" tabindex="0">
		<label for="farm">
			<input type="checkbox" id="farm" value="farm" name="farm" onchange='$(this).closest("form").submit();'>
			<div class="group-icon"><span class="icon-afinity-Farm"></span></div>
			<span class="group-name">Farmářské</span>
		</label>
	</div>
	<div class="afinity-group" tabindex="0">
		<label for="noPalmOil">
			<input type="checkbox" id="noPalmOil" value="noPalmOil" name="noPalmOil" onchange='$(this).closest("form").submit();'>
			<div class="group-icon strike-through"><span class="icon-afinity-Palm-oil"></span></div>
			<span class="group-name">Bez palmového tuku</span>
		</label>
	</div>
	<div class="afinity-group" tabindex="0">
		<label for="vegan">
			<input type="checkbox" id="vegan" value="vegan" name="vegan" onchange='$(this).closest("form").submit();'>
			<div class="group-icon strike-through"><span class="icon-afinity-Egg"></span></div>
			<span class="group-name">Vhodné pro vegany</span>
		</label>
	</div>
	<div class="afinity-group" tabindex="0">
		<label for="vegetarian">
			<input type="checkbox" id="vegetarian" value="vegetarian" name="vegetarian" onchange='$(this).closest("form").submit();'>
			<div class="group-icon strike-through"><span class="icon-afinity-Steak"></span></div>
			<span class="group-name">Vegetariánské</span>
		</label>
	</div>
</div>
<input type="hidden" name="do" value="productPrimaryFilter-constraintForm-submit"><!--[if IE]><input type=IEbug disabled style="display:none"><![endif]-->
</form>

					</div>
					<div class="block block-product-list-option">
<ul class="product-list-option element-bordered-select-box">
    <li tabindex="0">
        <span>Oblíbené<span class="accessible"> - vybráno</span></span>
        <div class="positioner">
            <ul>
                <li>
                    <a title="Akční" href="/napoje?productListOptions-preset=orderDiscount">
                        Akční
                    </a>
                </li>
                <li>
                    <a title="Nejlevnější" href="/napoje?productListOptions-preset=orderPriceAscending">
                        Nejlevnější
                    </a>
                </li>
                <li>
                    <a title="Nejdražší" href="/napoje?productListOptions-preset=orderPriceDescending">
                        Nejdražší
                    </a>
                </li>
            </ul>
        </div>
    </li>
</ul>
					</div>
				</div>
			</div>

			<div class="region region-products" data-ajax-append="product-item" id="snippet--productListArea">
				<div class="region-inner region-products-inner">
<script async>
    basic.documentReady(function () {
        $.get("\/napoje?do=productList-ajaxLoaderSetting").done(function (setting) {
            setting.ShowButton = false;
            ajaxLoader.init(setting);
        });
    });
</script>
<div class="block block-product-items product-items" data-ajax-append="product-item" id="snippet-productList-productListArea">
    <div id="product-append-7976" class="product-item">
        <div class="product-item-flags">
            <div class="flag-sale ">
                <span class="percents">23<small>&#37;</small></span>
            </div>
        </div>
        <div class="product-item-image">
                <a data-href="/napoje?productList-id=7976&amp;do=productList-modal"
                   data-target="productList-productModal"
                   data-product-id="7976"
                   data-product-price="25.9"
                   data-page-title="Pilsner Urquell, světlý ležák, sklo 0,5l"
                   data-page-path="/produkt/7976-pilsner-urquell-svetly-lezak-sklo-0-5l"
                   data-user-id=""
                   aria-hidden="true"
                   data-kosikmodal-onclose="currentPageDataPush"
                   onclick="kosikAjax.click(this, initModalCarousel(this))">
                    <img src="https://cdn.kosik.cz/content/product/jpg/list/placeholder.jpg" data-src="https://cdn.kosik.cz/content/product/jpg/list/13509.jpg" alt="Pilsner Urquell, světlý ležák, sklo 0,5l" class="loading-images loading-image">
                </a>




        </div>
                <div class="product-item-info">
                <h5><a href="javascript:void(0)" aria-label="Pilsner Urquell, světlý ležák, sklo 0,5l" data-href="/napoje?productList-id=7976&amp;do=productList-modal" class="product-name modal-link"
                   data-target="productList-productModal" onclick="kosikAjax.click(this, initModalCarousel(this))">
                    Pilsner Urquell, světlý ležák, sklo 0,5l
                    
                </a></h5>
            <p class="product-item-price product-in-discount">
                <span class="price-before-discount">
					<span><strong class="price">25,90 Kč</strong></span>
				</span>
                <strong class="price">19,90 Kč</strong>

            </p>
            <p class="product-item-unit">
                    (<strong class="price">39,80 Kč</strong> / l)
            </p>
                        <div class="product-list-rating">
                <span><ul class="rating"><li class="rating-children rating-1 up" data-rating="1"><i class="fa fa-star"></i></li><li class="rating-children rating-2 up" data-rating="2"><i class="fa fa-star"></i></li><li class="rating-children rating-3 up" data-rating="3"><i class="fa fa-star"></i></li><li class="rating-children rating-4 up" data-rating="4"><i class="fa fa-star"></i></li><li class="rating-children rating-5 down" data-rating="5"><i class="fa fa-star"></i></li></ul></span>
            </div>
<div id="snippet-productList-buy-7976-quantity">        <div class="product-quantity-control">
            <form action="/napoje" method="post" class="ajax" id="frm-productList-buy-7976-quantityForm">
                <input type="text" name="quantity" size="3" id="frm-productList-buy-7976-quantityForm-quantity" data-nette-rules='[{"op":":integer","msg":"Množství musí být číslo."}]' value="1" aria-label="počet k přidání">
                <input type="submit" name="_submit" value="Přidat" class="product-quantity-control-submit plus" aria-label="přidat počet do košíku">
            <input type="hidden" name="do" value="productList-buy-7976-quantityForm-submit"><!--[if IE]><input type=IEbug disabled style="display:none"><![endif]-->
</form>

        </div>
</div>
                <p class="product-incart-info accessible">Produkt nemáte v košíku</p>


        </div>

        
    </div>
    <div id="product-append-2752" class="product-item">
        <div class="product-item-flags">
        </div>
        <div class="product-item-image">
                <a data-href="/napoje?productList-id=2752&amp;do=productList-modal"
                   data-target="productList-productModal"
                   data-product-id="2752"
                   data-product-price="12.9"
                   data-page-title="Aquila První voda neperlivá kojenecká 1,5l"
                   data-page-path="/produkt/2752-aquila-prvni-voda-neperliva-kojenecka-1-5l"
                   data-user-id=""
                   aria-hidden="true"
                   data-kosikmodal-onclose="currentPageDataPush"
                   onclick="kosikAjax.click(this, initModalCarousel(this))">
                    <img src="https://cdn.kosik.cz/content/product/jpg/list/placeholder.jpg" data-src="https://cdn.kosik.cz/content/product/jpg/list/2853.jpg" alt="Aquila První voda neperlivá kojenecká 1,5l" class="loading-images loading-image">
                </a>




        </div>
                <div class="product-item-info">
                <h5><a href="javascript:void(0)" aria-label="Aquila První voda neperlivá kojenecká 1,5l" data-href="/napoje?productList-id=2752&amp;do=productList-modal" class="product-name modal-link"
                   data-target="productList-productModal" onclick="kosikAjax.click(this, initModalCarousel(this))">
                    Aquila První voda neperlivá kojenecká 1,5l
                    
                </a></h5>
            <p class="product-item-price ">
                <span class="price-before-discount">
				</span>
                <strong class="price">12,90 Kč</strong>

            </p>
            <p class="product-item-unit">
                    (<strong class="price">8,60 Kč</strong> / l)
            </p>
                        <div class="product-list-rating">
            </div>
<div id="snippet-productList-buy-2752-quantity">        <div class="product-quantity-control">
            <form action="/napoje" method="post" class="ajax" id="frm-productList-buy-2752-quantityForm">
                <input type="text" name="quantity" size="3" id="frm-productList-buy-2752-quantityForm-quantity" data-nette-rules='[{"op":":integer","msg":"Množství musí být číslo."}]' value="1" aria-label="počet k přidání">
                <input type="submit" name="_submit" value="Přidat" class="product-quantity-control-submit plus" aria-label="přidat počet do košíku">
            <input type="hidden" name="do" value="productList-buy-2752-quantityForm-submit"><!--[if IE]><input type=IEbug disabled style="display:none"><![endif]-->
</form>

        </div>
</div>
                <p class="product-incart-info accessible">Produkt nemáte v košíku</p>


        </div>

        
    </div>
    <div id="product-append-2697" class="product-item">
        <div class="product-item-flags">
        </div>
        <div class="product-item-image">
                <a data-href="/napoje?productList-id=2697&amp;do=productList-modal"
                   data-target="productList-productModal"
                   data-product-id="2697"
                   data-product-price="15.9"
                   data-page-title="Magnesia Přírodní jemně perlivá 1,5l"
                   data-page-path="/produkt/2697-magnesia-prirodni-jemne-perliva-1-5l"
                   data-user-id=""
                   aria-hidden="true"
                   data-kosikmodal-onclose="currentPageDataPush"
                   onclick="kosikAjax.click(this, initModalCarousel(this))">
                    <img src="https://cdn.kosik.cz/content/product/jpg/list/placeholder.jpg" data-src="https://cdn.kosik.cz/content/product/jpg/list/2798.jpg" alt="Magnesia Přírodní jemně perlivá 1,5l" class="loading-images loading-image">
                </a>




        </div>
                <div class="product-item-info">
                <h5><a href="javascript:void(0)" aria-label="Magnesia Přírodní jemně perlivá 1,5l" data-href="/napoje?productList-id=2697&amp;do=productList-modal" class="product-name modal-link"
                   data-target="productList-productModal" onclick="kosikAjax.click(this, initModalCarousel(this))">
                    Magnesia Přírodní jemně perlivá 1,5l
                    
                </a></h5>
            <p class="product-item-price ">
                <span class="price-before-discount">
				</span>
                <strong class="price">15,90 Kč</strong>

            </p>
            <p class="product-item-unit">
                    (<strong class="price">10,60 Kč</strong> / l)
            </p>
                        <div class="product-list-rating">
            </div>
<div id="snippet-productList-buy-2697-quantity">        <div class="product-quantity-control">
            <form action="/napoje" method="post" class="ajax" id="frm-productList-buy-2697-quantityForm">
                <input type="text" name="quantity" size="3" id="frm-productList-buy-2697-quantityForm-quantity" data-nette-rules='[{"op":":integer","msg":"Množství musí být číslo."}]' value="1" aria-label="počet k přidání">
                <input type="submit" name="_submit" value="Přidat" class="product-quantity-control-submit plus" aria-label="přidat počet do košíku">
            <input type="hidden" name="do" value="productList-buy-2697-quantityForm-submit"><!--[if IE]><input type=IEbug disabled style="display:none"><![endif]-->
</form>

        </div>
</div>
                <p class="product-incart-info accessible">Produkt nemáte v košíku</p>


        </div>

        
    </div>
    <div id="product-append-2698" class="product-item">
        <div class="product-item-flags">
        </div>
        <div class="product-item-image">
                <a data-href="/napoje?productList-id=2698&amp;do=productList-modal"
                   data-target="productList-productModal"
                   data-product-id="2698"
                   data-product-price="15.9"
                   data-page-title="Magnesia Přírodní neperlivá 1,5l"
                   data-page-path="/produkt/2698-magnesia-prirodni-neperliva-1-5l"
                   data-user-id=""
                   aria-hidden="true"
                   data-kosikmodal-onclose="currentPageDataPush"
                   onclick="kosikAjax.click(this, initModalCarousel(this))">
                    <img src="https://cdn.kosik.cz/content/product/jpg/list/placeholder.jpg" data-src="https://cdn.kosik.cz/content/product/jpg/list/2799.jpg" alt="Magnesia Přírodní neperlivá 1,5l" class="loading-images loading-image">
                </a>




        </div>
                <div class="product-item-info">
                <h5><a href="javascript:void(0)" aria-label="Magnesia Přírodní neperlivá 1,5l" data-href="/napoje?productList-id=2698&amp;do=productList-modal" class="product-name modal-link"
                   data-target="productList-productModal" onclick="kosikAjax.click(this, initModalCarousel(this))">
                    Magnesia Přírodní neperlivá 1,5l
                    
                </a></h5>
            <p class="product-item-price ">
                <span class="price-before-discount">
				</span>
                <strong class="price">15,90 Kč</strong>

            </p>
            <p class="product-item-unit">
                    (<strong class="price">10,60 Kč</strong> / l)
            </p>
                        <div class="product-list-rating">
            </div>
<div id="snippet-productList-buy-2698-quantity">        <div class="product-quantity-control">
            <form action="/napoje" method="post" class="ajax" id="frm-productList-buy-2698-quantityForm">
                <input type="text" name="quantity" size="3" id="frm-productList-buy-2698-quantityForm-quantity" data-nette-rules='[{"op":":integer","msg":"Množství musí být číslo."}]' value="1" aria-label="počet k přidání">
                <input type="submit" name="_submit" value="Přidat" class="product-quantity-control-submit plus" aria-label="přidat počet do košíku">
            <input type="hidden" name="do" value="productList-buy-2698-quantityForm-submit"><!--[if IE]><input type=IEbug disabled style="display:none"><![endif]-->
</form>

        </div>
</div>
                <p class="product-incart-info accessible">Produkt nemáte v košíku</p>


        </div>

        
    </div>
    <div id="product-append-2854" class="product-item">
        <div class="product-item-flags">
        </div>
        <div class="product-item-image">
                <a data-href="/napoje?productList-id=2854&amp;do=productList-modal"
                   data-target="productList-productModal"
                   data-product-id="2854"
                   data-product-price="29.9"
                   data-page-title="Kofola Vánoční 2l"
                   data-page-path="/produkt/2854-kofola-vanocni-2l"
                   data-user-id=""
                   aria-hidden="true"
                   data-kosikmodal-onclose="currentPageDataPush"
                   onclick="kosikAjax.click(this, initModalCarousel(this))">
                    <img src="https://cdn.kosik.cz/content/product/jpg/list/placeholder.jpg" data-src="https://cdn.kosik.cz/content/product/jpg/list/2956.jpg" alt="Kofola Vánoční 2l" class="loading-images loading-image">
                </a>




        </div>
                <div class="product-item-info">
                <h5><a href="javascript:void(0)" aria-label="Kofola Vánoční 2l" data-href="/napoje?productList-id=2854&amp;do=productList-modal" class="product-name modal-link"
                   data-target="productList-productModal" onclick="kosikAjax.click(this, initModalCarousel(this))">
                    Kofola Vánoční 2l
                    
                </a></h5>
            <p class="product-item-price ">
                <span class="price-before-discount">
				</span>
                <strong class="price">29,90 Kč</strong>

            </p>
            <p class="product-item-unit">
                    (<strong class="price">15,00 Kč</strong> / l)
            </p>
                        <div class="product-list-rating">
            </div>
<div id="snippet-productList-buy-2854-quantity">        <div class="product-quantity-control">
            <form action="/napoje" method="post" class="ajax" id="frm-productList-buy-2854-quantityForm">
                <input type="text" name="quantity" size="3" id="frm-productList-buy-2854-quantityForm-quantity" data-nette-rules='[{"op":":integer","msg":"Množství musí být číslo."}]' value="1" aria-label="počet k přidání">
                <input type="submit" name="_submit" value="Přidat" class="product-quantity-control-submit plus" aria-label="přidat počet do košíku">
            <input type="hidden" name="do" value="productList-buy-2854-quantityForm-submit"><!--[if IE]><input type=IEbug disabled style="display:none"><![endif]-->
</form>

        </div>
</div>
                <p class="product-incart-info accessible">Produkt nemáte v košíku</p>


        </div>

        
    </div>
    <div id="product-append-2989" class="product-item">
        <div class="product-item-flags">
        </div>
        <div class="product-item-image">
                <a data-href="/napoje?productList-id=2989&amp;do=productList-modal"
                   data-target="productList-productModal"
                   data-product-id="2989"
                   data-product-price="12.9"
                   data-page-title="Svijany Svijanská 10, světlý výčepní, sklo 0,5l"
                   data-page-path="/produkt/2989-svijany-svijanska-10-svetly-vycepni-sklo-0-5l"
                   data-user-id=""
                   aria-hidden="true"
                   data-kosikmodal-onclose="currentPageDataPush"
                   onclick="kosikAjax.click(this, initModalCarousel(this))">
                    <img src="https://cdn.kosik.cz/content/product/jpg/list/placeholder.jpg" data-src="https://cdn.kosik.cz/content/product/jpg/list/3095.jpg" alt="Svijany Svijanská 10, světlý výčepní, sklo 0,5l" class="loading-images loading-image">
                </a>




        </div>
                <div class="product-item-info">
                <h5><a href="javascript:void(0)" aria-label="Svijany Svijanská 10, světlý výčepní, sklo 0,5l" data-href="/napoje?productList-id=2989&amp;do=productList-modal" class="product-name modal-link"
                   data-target="productList-productModal" onclick="kosikAjax.click(this, initModalCarousel(this))">
                    Svijany Svijanská 10, světlý výčepní, sklo 0,5l
                    
                </a></h5>
            <p class="product-item-price ">
                <span class="price-before-discount">
				</span>
                <strong class="price">12,90 Kč</strong>

            </p>
            <p class="product-item-unit">
                    (<strong class="price">25,80 Kč</strong> / l)
            </p>
                        <div class="product-list-rating">
            </div>
<div id="snippet-productList-buy-2989-quantity">        <div class="product-quantity-control">
            <form action="/napoje" method="post" class="ajax" id="frm-productList-buy-2989-quantityForm">
                <input type="text" name="quantity" size="3" id="frm-productList-buy-2989-quantityForm-quantity" data-nette-rules='[{"op":":integer","msg":"Množství musí být číslo."}]' value="1" aria-label="počet k přidání">
                <input type="submit" name="_submit" value="Přidat" class="product-quantity-control-submit plus" aria-label="přidat počet do košíku">
            <input type="hidden" name="do" value="productList-buy-2989-quantityForm-submit"><!--[if IE]><input type=IEbug disabled style="display:none"><![endif]-->
</form>

        </div>
</div>
                <p class="product-incart-info accessible">Produkt nemáte v košíku</p>


        </div>

        
    </div>
    <div id="product-append-3009" class="product-item">
        <div class="product-item-flags">
        </div>
        <div class="product-item-image">
                <a data-href="/napoje?productList-id=3009&amp;do=productList-modal"
                   data-target="productList-productModal"
                   data-product-id="3009"
                   data-product-price="21.5"
                   data-page-title="Budweiser Budvar, pivo světlý ležák, sklo 0,5l"
                   data-page-path="/produkt/3009-budweiser-budvar-pivo-svetly-lezak-sklo-0-5l"
                   data-user-id=""
                   aria-hidden="true"
                   data-kosikmodal-onclose="currentPageDataPush"
                   onclick="kosikAjax.click(this, initModalCarousel(this))">
                    <img src="https://cdn.kosik.cz/content/product/jpg/list/placeholder.jpg" data-src="https://cdn.kosik.cz/content/product/jpg/list/3116.jpg" alt="Budweiser Budvar, pivo světlý ležák, sklo 0,5l" class="loading-images loading-image">
                </a>




        </div>
                <div class="product-item-info">
                <h5><a href="javascript:void(0)" aria-label="Budweiser Budvar, pivo světlý ležák, sklo 0,5l" data-href="/napoje?productList-id=3009&amp;do=productList-modal" class="product-name modal-link"
                   data-target="productList-productModal" onclick="kosikAjax.click(this, initModalCarousel(this))">
                    Budweiser Budvar, pivo světlý ležák, sklo 0,5l
                    
                </a></h5>
            <p class="product-item-price ">
                <span class="price-before-discount">
				</span>
                <strong class="price">21,50 Kč</strong>

            </p>
            <p class="product-item-unit">
                    (<strong class="price">43,00 Kč</strong> / l)
            </p>
                        <div class="product-list-rating">
            </div>
<div id="snippet-productList-buy-3009-quantity">        <div class="product-quantity-control">
            <form action="/napoje" method="post" class="ajax" id="frm-productList-buy-3009-quantityForm">
                <input type="text" name="quantity" size="3" id="frm-productList-buy-3009-quantityForm-quantity" data-nette-rules='[{"op":":integer","msg":"Množství musí být číslo."}]' value="1" aria-label="počet k přidání">
                <input type="submit" name="_submit" value="Přidat" class="product-quantity-control-submit plus" aria-label="přidat počet do košíku">
            <input type="hidden" name="do" value="productList-buy-3009-quantityForm-submit"><!--[if IE]><input type=IEbug disabled style="display:none"><![endif]-->
</form>

        </div>
</div>
                <p class="product-incart-info accessible">Produkt nemáte v košíku</p>


        </div>

        
    </div>
    <div id="product-append-16974" class="product-item">
        <div class="product-item-flags">
        </div>
        <div class="product-item-image">
                <a data-href="/napoje?productList-id=16974&amp;do=productList-modal"
                   data-target="productList-productModal"
                   data-product-id="16974"
                   data-product-price="13.9"
                   data-page-title="Ondrášovka Jemně perlivá minerální voda s příchutí lesních plodů 1.5l"
                   data-page-path="/produkt/16974-ondrasovka-jemne-perliva-mineralni-voda-s-prichuti-lesnich-plodu-1-5l"
                   data-user-id=""
                   aria-hidden="true"
                   data-kosikmodal-onclose="currentPageDataPush"
                   onclick="kosikAjax.click(this, initModalCarousel(this))">
                    <img src="https://cdn.kosik.cz/content/product/jpg/list/placeholder.jpg" data-src="https://cdn.kosik.cz/content/product/jpg/list/34242.jpg" alt="Ondrášovka Jemně perlivá minerální voda s příchutí lesních plodů 1.5l" class="loading-images loading-image">
                </a>




        </div>
                <div class="product-item-info">
                <h5><a href="javascript:void(0)" aria-label="Ondrášovka Jemně perlivá minerální voda s příchutí lesních plodů 1.5l" data-href="/napoje?productList-id=16974&amp;do=productList-modal" class="product-name modal-link"
                   data-target="productList-productModal" onclick="kosikAjax.click(this, initModalCarousel(this))">
                    Ondrášovka Jemně perlivá minerální voda s příchutí lesních plodů 1.5l
                    
                </a></h5>
            <p class="product-item-price ">
                <span class="price-before-discount">
				</span>
                <strong class="price">13,90 Kč</strong>

            </p>
            <p class="product-item-unit">
                    (<strong class="price">9,30 Kč</strong> / l)
            </p>
                        <div class="product-list-rating">
            </div>
<div id="snippet-productList-buy-16974-quantity">        <div class="product-quantity-control">
            <form action="/napoje" method="post" class="ajax" id="frm-productList-buy-16974-quantityForm">
                <input type="text" name="quantity" size="3" id="frm-productList-buy-16974-quantityForm-quantity" data-nette-rules='[{"op":":integer","msg":"Množství musí být číslo."}]' value="1" aria-label="počet k přidání">
                <input type="submit" name="_submit" value="Přidat" class="product-quantity-control-submit plus" aria-label="přidat počet do košíku">
            <input type="hidden" name="do" value="productList-buy-16974-quantityForm-submit"><!--[if IE]><input type=IEbug disabled style="display:none"><![endif]-->
</form>

        </div>
</div>
                <p class="product-incart-info accessible">Produkt nemáte v košíku</p>


        </div>

        
    </div>
    <div id="product-append-2700" class="product-item">
        <div class="product-item-flags">
        </div>
        <div class="product-item-image">
                <a data-href="/napoje?productList-id=2700&amp;do=productList-modal"
                   data-target="productList-productModal"
                   data-product-id="2700"
                   data-product-price="14.9"
                   data-page-title="Mattoni Jemně perlivá přírodní minerální voda 1,5l"
                   data-page-path="/produkt/2700-mattoni-jemne-perliva-prirodni-mineralni-voda-1-5l"
                   data-user-id=""
                   aria-hidden="true"
                   data-kosikmodal-onclose="currentPageDataPush"
                   onclick="kosikAjax.click(this, initModalCarousel(this))">
                    <img src="https://cdn.kosik.cz/content/product/jpg/list/placeholder.jpg" data-src="https://cdn.kosik.cz/content/product/jpg/list/2801.jpg" alt="Mattoni Jemně perlivá přírodní minerální voda 1,5l" class="loading-images loading-image">
                </a>




        </div>
                <div class="product-item-info">
                <h5><a href="javascript:void(0)" aria-label="Mattoni Jemně perlivá přírodní minerální voda 1,5l" data-href="/napoje?productList-id=2700&amp;do=productList-modal" class="product-name modal-link"
                   data-target="productList-productModal" onclick="kosikAjax.click(this, initModalCarousel(this))">
                    Mattoni Jemně perlivá přírodní minerální voda 1,5l
                    
                </a></h5>
            <p class="product-item-price ">
                <span class="price-before-discount">
				</span>
                <strong class="price">14,90 Kč</strong>

            </p>
            <p class="product-item-unit">
                    (<strong class="price">9,90 Kč</strong> / l)
            </p>
                        <div class="product-list-rating">
            </div>
<div id="snippet-productList-buy-2700-quantity">        <div class="product-quantity-control">
            <form action="/napoje" method="post" class="ajax" id="frm-productList-buy-2700-quantityForm">
                <input type="text" name="quantity" size="3" id="frm-productList-buy-2700-quantityForm-quantity" data-nette-rules='[{"op":":integer","msg":"Množství musí být číslo."}]' value="1" aria-label="počet k přidání">
                <input type="submit" name="_submit" value="Přidat" class="product-quantity-control-submit plus" aria-label="přidat počet do košíku">
            <input type="hidden" name="do" value="productList-buy-2700-quantityForm-submit"><!--[if IE]><input type=IEbug disabled style="display:none"><![endif]-->
</form>

        </div>
</div>
                <p class="product-incart-info accessible">Produkt nemáte v košíku</p>


        </div>

        
    </div>
    <div id="product-append-28421" class="product-item">
        <div class="product-item-flags">
            <div class="flag-sale ">
                <span class="percents">50<small>&#37;</small></span>
            </div>
        </div>
        <div class="product-item-image">
                <a data-href="/napoje?productList-id=28421&amp;do=productList-modal"
                   data-target="productList-productModal"
                   data-product-id="28421"
                   data-product-price="49.9"
                   data-page-title="Red Bull Energy drink PET 330ml"
                   data-page-path="/produkt/28421-red-bull-energy-drink-pet-330ml"
                   data-user-id=""
                   aria-hidden="true"
                   data-kosikmodal-onclose="currentPageDataPush"
                   onclick="kosikAjax.click(this, initModalCarousel(this))">
                    <img src="https://cdn.kosik.cz/content/product/jpg/list/placeholder.jpg" data-src="https://cdn.kosik.cz/content/product/jpg/list/45761.jpg" alt="Red Bull Energy drink PET 330ml" class="loading-images loading-image">
                </a>




        </div>
                <div class="product-item-info">
                <h5><a href="javascript:void(0)" aria-label="Red Bull Energy drink PET 330ml" data-href="/napoje?productList-id=28421&amp;do=productList-modal" class="product-name modal-link"
                   data-target="productList-productModal" onclick="kosikAjax.click(this, initModalCarousel(this))">
                    Red Bull Energy drink PET 330ml
                    
                </a></h5>
            <p class="product-item-price product-in-discount">
                <span class="price-before-discount">
					<span><strong class="price">49,90 Kč</strong></span>
				</span>
                <strong class="price">24,90 Kč</strong>

            </p>
            <p class="product-item-unit">
                    (<strong class="price">75,50 Kč</strong> / l)
            </p>
                        <div class="product-list-rating">
            </div>
<div id="snippet-productList-buy-28421-quantity">        <div class="product-quantity-control">
            <form action="/napoje" method="post" class="ajax" id="frm-productList-buy-28421-quantityForm">
                <input type="text" name="quantity" size="3" id="frm-productList-buy-28421-quantityForm-quantity" data-nette-rules='[{"op":":integer","msg":"Množství musí být číslo."}]' value="1" aria-label="počet k přidání">
                <input type="submit" name="_submit" value="Přidat" class="product-quantity-control-submit plus" aria-label="přidat počet do košíku">
            <input type="hidden" name="do" value="productList-buy-28421-quantityForm-submit"><!--[if IE]><input type=IEbug disabled style="display:none"><![endif]-->
</form>

        </div>
</div>
                <p class="product-incart-info accessible">Produkt nemáte v košíku</p>


        </div>

        
    </div>
    <div id="product-append-2761" class="product-item">
        <div class="product-item-flags">
        </div>
        <div class="product-item-image">
                <a data-href="/napoje?productList-id=2761&amp;do=productList-modal"
                   data-target="productList-productModal"
                   data-product-id="2761"
                   data-product-price="11.9"
                   data-page-title="Dobrá voda Neperlivá 1,5l"
                   data-page-path="/produkt/2761-dobra-voda-neperliva-1-5l"
                   data-user-id=""
                   aria-hidden="true"
                   data-kosikmodal-onclose="currentPageDataPush"
                   onclick="kosikAjax.click(this, initModalCarousel(this))">
                    <img src="https://cdn.kosik.cz/content/product/jpg/list/placeholder.jpg" data-src="https://cdn.kosik.cz/content/product/jpg/list/2862.jpg" alt="Dobrá voda Neperlivá 1,5l" class="loading-images loading-image">
                </a>




        </div>
                <div class="product-item-info">
                <h5><a href="javascript:void(0)" aria-label="Dobrá voda Neperlivá 1,5l" data-href="/napoje?productList-id=2761&amp;do=productList-modal" class="product-name modal-link"
                   data-target="productList-productModal" onclick="kosikAjax.click(this, initModalCarousel(this))">
                    Dobrá voda Neperlivá 1,5l
                    
                </a></h5>
            <p class="product-item-price ">
                <span class="price-before-discount">
				</span>
                <strong class="price">11,90 Kč</strong>

            </p>
            <p class="product-item-unit">
                    (<strong class="price">7,90 Kč</strong> / l)
            </p>
                        <div class="product-list-rating">
            </div>
<div id="snippet-productList-buy-2761-quantity">        <div class="product-quantity-control">
            <form action="/napoje" method="post" class="ajax" id="frm-productList-buy-2761-quantityForm">
                <input type="text" name="quantity" size="3" id="frm-productList-buy-2761-quantityForm-quantity" data-nette-rules='[{"op":":integer","msg":"Množství musí být číslo."}]' value="1" aria-label="počet k přidání">
                <input type="submit" name="_submit" value="Přidat" class="product-quantity-control-submit plus" aria-label="přidat počet do košíku">
            <input type="hidden" name="do" value="productList-buy-2761-quantityForm-submit"><!--[if IE]><input type=IEbug disabled style="display:none"><![endif]-->
</form>

        </div>
</div>
                <p class="product-incart-info accessible">Produkt nemáte v košíku</p>


        </div>

        
    </div>
    <div id="product-append-2770" class="product-item">
        <div class="product-item-flags">
        </div>
        <div class="product-item-image">
                <a data-href="/napoje?productList-id=2770&amp;do=productList-modal"
                   data-target="productList-productModal"
                   data-product-id="2770"
                   data-product-price="15.9"
                   data-page-title="Rajec Pramenitá voda kojenecká nesycená 1,5l"
                   data-page-path="/produkt/2770-rajec-pramenita-voda-kojenecka-nesycena-1-5l"
                   data-user-id=""
                   aria-hidden="true"
                   data-kosikmodal-onclose="currentPageDataPush"
                   onclick="kosikAjax.click(this, initModalCarousel(this))">
                    <img src="https://cdn.kosik.cz/content/product/jpg/list/placeholder.jpg" data-src="https://cdn.kosik.cz/content/product/jpg/list/2871.jpg" alt="Rajec Pramenitá voda kojenecká nesycená 1,5l" class="loading-images loading-image">
                </a>




        </div>
                <div class="product-item-info">
                <h5><a href="javascript:void(0)" aria-label="Rajec Pramenitá voda kojenecká nesycená 1,5l" data-href="/napoje?productList-id=2770&amp;do=productList-modal" class="product-name modal-link"
                   data-target="productList-productModal" onclick="kosikAjax.click(this, initModalCarousel(this))">
                    Rajec Pramenitá voda kojenecká nesycená 1,5l
                    
                </a></h5>
            <p class="product-item-price ">
                <span class="price-before-discount">
				</span>
                <strong class="price">15,90 Kč</strong>

            </p>
            <p class="product-item-unit">
                    (<strong class="price">10,60 Kč</strong> / l)
            </p>
                        <div class="product-list-rating">
            </div>
<div id="snippet-productList-buy-2770-quantity">        <div class="product-quantity-control">
            <form action="/napoje" method="post" class="ajax" id="frm-productList-buy-2770-quantityForm">
                <input type="text" name="quantity" size="3" id="frm-productList-buy-2770-quantityForm-quantity" data-nette-rules='[{"op":":integer","msg":"Množství musí být číslo."}]' value="1" aria-label="počet k přidání">
                <input type="submit" name="_submit" value="Přidat" class="product-quantity-control-submit plus" aria-label="přidat počet do košíku">
            <input type="hidden" name="do" value="productList-buy-2770-quantityForm-submit"><!--[if IE]><input type=IEbug disabled style="display:none"><![endif]-->
</form>

        </div>
</div>
                <p class="product-incart-info accessible">Produkt nemáte v košíku</p>


        </div>

        
    </div>
    <div id="product-append-2772" class="product-item">
        <div class="product-item-flags">
        </div>
        <div class="product-item-image">
                <a data-href="/napoje?productList-id=2772&amp;do=productList-modal"
                   data-target="productList-productModal"
                   data-product-id="2772"
                   data-product-price="13.9"
                   data-page-title="Rajec Pramenitá voda nesycená 1,5l"
                   data-page-path="/produkt/2772-rajec-pramenita-voda-nesycena-1-5l"
                   data-user-id=""
                   aria-hidden="true"
                   data-kosikmodal-onclose="currentPageDataPush"
                   onclick="kosikAjax.click(this, initModalCarousel(this))">
                    <img src="https://cdn.kosik.cz/content/product/jpg/list/placeholder.jpg" data-src="https://cdn.kosik.cz/content/product/jpg/list/2873.jpg" alt="Rajec Pramenitá voda nesycená 1,5l" class="loading-images loading-image">
                </a>




        </div>
                <div class="product-item-info">
                <h5><a href="javascript:void(0)" aria-label="Rajec Pramenitá voda nesycená 1,5l" data-href="/napoje?productList-id=2772&amp;do=productList-modal" class="product-name modal-link"
                   data-target="productList-productModal" onclick="kosikAjax.click(this, initModalCarousel(this))">
                    Rajec Pramenitá voda nesycená 1,5l
                    
                </a></h5>
            <p class="product-item-price ">
                <span class="price-before-discount">
				</span>
                <strong class="price">13,90 Kč</strong>

            </p>
            <p class="product-item-unit">
                    (<strong class="price">9,30 Kč</strong> / l)
            </p>
                        <div class="product-list-rating">
                <span><ul class="rating"><li class="rating-children rating-1 up" data-rating="1"><i class="fa fa-star"></i></li><li class="rating-children rating-2 up" data-rating="2"><i class="fa fa-star"></i></li><li class="rating-children rating-3 up" data-rating="3"><i class="fa fa-star"></i></li><li class="rating-children rating-4 up" data-rating="4"><i class="fa fa-star"></i></li><li class="rating-children rating-5 up" data-rating="5"><i class="fa fa-star"></i></li></ul></span>
            </div>
<div id="snippet-productList-buy-2772-quantity">        <div class="product-quantity-control">
            <form action="/napoje" method="post" class="ajax" id="frm-productList-buy-2772-quantityForm">
                <input type="text" name="quantity" size="3" id="frm-productList-buy-2772-quantityForm-quantity" data-nette-rules='[{"op":":integer","msg":"Množství musí být číslo."}]' value="1" aria-label="počet k přidání">
                <input type="submit" name="_submit" value="Přidat" class="product-quantity-control-submit plus" aria-label="přidat počet do košíku">
            <input type="hidden" name="do" value="productList-buy-2772-quantityForm-submit"><!--[if IE]><input type=IEbug disabled style="display:none"><![endif]-->
</form>

        </div>
</div>
                <p class="product-incart-info accessible">Produkt nemáte v košíku</p>


        </div>

        
    </div>
    <div id="product-append-3021" class="product-item">
        <div class="product-item-flags">
        </div>
        <div class="product-item-image">
                <a data-href="/napoje?productList-id=3021&amp;do=productList-modal"
                   data-target="productList-productModal"
                   data-product-id="3021"
                   data-product-price="14.9"
                   data-page-title="Velkopopovický Kozel 11, světlý, sklo 0,5l"
                   data-page-path="/produkt/3021-velkopopovicky-kozel-11-svetly-sklo-0-5l"
                   data-user-id=""
                   aria-hidden="true"
                   data-kosikmodal-onclose="currentPageDataPush"
                   onclick="kosikAjax.click(this, initModalCarousel(this))">
                    <img src="https://cdn.kosik.cz/content/product/jpg/list/placeholder.jpg" data-src="https://cdn.kosik.cz/content/product/jpg/list/3132.jpg" alt="Velkopopovický Kozel 11, světlý, sklo 0,5l" class="loading-images loading-image">
                </a>




        </div>
                <div class="product-item-info">
                <h5><a href="javascript:void(0)" aria-label="Velkopopovický Kozel 11, světlý, sklo 0,5l" data-href="/napoje?productList-id=3021&amp;do=productList-modal" class="product-name modal-link"
                   data-target="productList-productModal" onclick="kosikAjax.click(this, initModalCarousel(this))">
                    Velkopopovický Kozel 11, světlý, sklo 0,5l
                    
                </a></h5>
            <p class="product-item-price ">
                <span class="price-before-discount">
				</span>
                <strong class="price">14,90 Kč</strong>

            </p>
            <p class="product-item-unit">
                    (<strong class="price">29,80 Kč</strong> / l)
            </p>
                        <div class="product-list-rating">
                <span><ul class="rating"><li class="rating-children rating-1 up" data-rating="1"><i class="fa fa-star"></i></li><li class="rating-children rating-2 up" data-rating="2"><i class="fa fa-star"></i></li><li class="rating-children rating-3 up" data-rating="3"><i class="fa fa-star"></i></li><li class="rating-children rating-4 up" data-rating="4"><i class="fa fa-star"></i></li><li class="rating-children rating-5 up" data-rating="5"><i class="fa fa-star"></i></li></ul></span>
            </div>
<div id="snippet-productList-buy-3021-quantity">        <div class="product-quantity-control">
            <form action="/napoje" method="post" class="ajax" id="frm-productList-buy-3021-quantityForm">
                <input type="text" name="quantity" size="3" id="frm-productList-buy-3021-quantityForm-quantity" data-nette-rules='[{"op":":integer","msg":"Množství musí být číslo."}]' value="1" aria-label="počet k přidání">
                <input type="submit" name="_submit" value="Přidat" class="product-quantity-control-submit plus" aria-label="přidat počet do košíku">
            <input type="hidden" name="do" value="productList-buy-3021-quantityForm-submit"><!--[if IE]><input type=IEbug disabled style="display:none"><![endif]-->
</form>

        </div>
</div>
                <p class="product-incart-info accessible">Produkt nemáte v košíku</p>


        </div>

        
    </div>
    <div id="product-append-2758" class="product-item">
        <div class="product-item-flags">
        </div>
        <div class="product-item-image">
                <a data-href="/napoje?productList-id=2758&amp;do=productList-modal"
                   data-target="productList-productModal"
                   data-product-id="2758"
                   data-product-price="11.9"
                   data-page-title="Dobrá voda Jemně perlivá 1,5l"
                   data-page-path="/produkt/2758-dobra-voda-jemne-perliva-1-5l"
                   data-user-id=""
                   aria-hidden="true"
                   data-kosikmodal-onclose="currentPageDataPush"
                   onclick="kosikAjax.click(this, initModalCarousel(this))">
                    <img src="https://cdn.kosik.cz/content/product/jpg/list/placeholder.jpg" data-src="https://cdn.kosik.cz/content/product/jpg/list/2859.jpg" alt="Dobrá voda Jemně perlivá 1,5l" class="loading-images loading-image">
                </a>




        </div>
                <div class="product-item-info">
                <h5><a href="javascript:void(0)" aria-label="Dobrá voda Jemně perlivá 1,5l" data-href="/napoje?productList-id=2758&amp;do=productList-modal" class="product-name modal-link"
                   data-target="productList-productModal" onclick="kosikAjax.click(this, initModalCarousel(this))">
                    Dobrá voda Jemně perlivá 1,5l
                    
                </a></h5>
            <p class="product-item-price ">
                <span class="price-before-discount">
				</span>
                <strong class="price">11,90 Kč</strong>

            </p>
            <p class="product-item-unit">
                    (<strong class="price">7,90 Kč</strong> / l)
            </p>
                        <div class="product-list-rating">
            </div>
<div id="snippet-productList-buy-2758-quantity">        <div class="product-quantity-control">
            <form action="/napoje" method="post" class="ajax" id="frm-productList-buy-2758-quantityForm">
                <input type="text" name="quantity" size="3" id="frm-productList-buy-2758-quantityForm-quantity" data-nette-rules='[{"op":":integer","msg":"Množství musí být číslo."}]' value="1" aria-label="počet k přidání">
                <input type="submit" name="_submit" value="Přidat" class="product-quantity-control-submit plus" aria-label="přidat počet do košíku">
            <input type="hidden" name="do" value="productList-buy-2758-quantityForm-submit"><!--[if IE]><input type=IEbug disabled style="display:none"><![endif]-->
</form>

        </div>
</div>
                <p class="product-incart-info accessible">Produkt nemáte v košíku</p>


        </div>

        
    </div>
    <div id="product-append-2968" class="product-item">
        <div class="product-item-flags">
        </div>
        <div class="product-item-image">
                <a data-href="/napoje?productList-id=2968&amp;do=productList-modal"
                   data-target="productList-productModal"
                   data-product-id="2968"
                   data-product-price="15.9"
                   data-page-title="Birell, světlý nealkoholický, sklo 0,5l"
                   data-page-path="/produkt/2968-birell-svetly-nealkoholicky-sklo-0-5l"
                   data-user-id=""
                   aria-hidden="true"
                   data-kosikmodal-onclose="currentPageDataPush"
                   onclick="kosikAjax.click(this, initModalCarousel(this))">
                    <img src="https://cdn.kosik.cz/content/product/jpg/list/placeholder.jpg" data-src="https://cdn.kosik.cz/content/product/jpg/list/3071.jpg" alt="Birell, světlý nealkoholický, sklo 0,5l" class="loading-images loading-image">
                </a>




        </div>
                <div class="product-item-info">
                <h5><a href="javascript:void(0)" aria-label="Birell, světlý nealkoholický, sklo 0,5l" data-href="/napoje?productList-id=2968&amp;do=productList-modal" class="product-name modal-link"
                   data-target="productList-productModal" onclick="kosikAjax.click(this, initModalCarousel(this))">
                    Birell, světlý nealkoholický, sklo 0,5l
                    
                </a></h5>
            <p class="product-item-price ">
                <span class="price-before-discount">
				</span>
                <strong class="price">15,90 Kč</strong>

            </p>
            <p class="product-item-unit">
                    (<strong class="price">31,80 Kč</strong> / l)
            </p>
                        <div class="product-list-rating">
                <span><ul class="rating"><li class="rating-children rating-1 up" data-rating="1"><i class="fa fa-star"></i></li><li class="rating-children rating-2 up" data-rating="2"><i class="fa fa-star"></i></li><li class="rating-children rating-3 up" data-rating="3"><i class="fa fa-star"></i></li><li class="rating-children rating-4 up" data-rating="4"><i class="fa fa-star"></i></li><li class="rating-children rating-5 up" data-rating="5"><i class="fa fa-star"></i></li></ul></span>
            </div>
<div id="snippet-productList-buy-2968-quantity">        <div class="product-quantity-control">
            <form action="/napoje" method="post" class="ajax" id="frm-productList-buy-2968-quantityForm">
                <input type="text" name="quantity" size="3" id="frm-productList-buy-2968-quantityForm-quantity" data-nette-rules='[{"op":":integer","msg":"Množství musí být číslo."}]' value="1" aria-label="počet k přidání">
                <input type="submit" name="_submit" value="Přidat" class="product-quantity-control-submit plus" aria-label="přidat počet do košíku">
            <input type="hidden" name="do" value="productList-buy-2968-quantityForm-submit"><!--[if IE]><input type=IEbug disabled style="display:none"><![endif]-->
</form>

        </div>
</div>
                <p class="product-incart-info accessible">Produkt nemáte v košíku</p>


        </div>

        
    </div>
    <div id="product-append-2699" class="product-item">
        <div class="product-item-flags">
        </div>
        <div class="product-item-image">
                <a data-href="/napoje?productList-id=2699&amp;do=productList-modal"
                   data-target="productList-productModal"
                   data-product-id="2699"
                   data-product-price="15.9"
                   data-page-title="Magnesia Přírodní perlivá 1,5l"
                   data-page-path="/produkt/2699-magnesia-prirodni-perliva-1-5l"
                   data-user-id=""
                   aria-hidden="true"
                   data-kosikmodal-onclose="currentPageDataPush"
                   onclick="kosikAjax.click(this, initModalCarousel(this))">
                    <img src="https://cdn.kosik.cz/content/product/jpg/list/placeholder.jpg" data-src="https://cdn.kosik.cz/content/product/jpg/list/2800.jpg" alt="Magnesia Přírodní perlivá 1,5l" class="loading-images loading-image">
                </a>




        </div>
                <div class="product-item-info">
                <h5><a href="javascript:void(0)" aria-label="Magnesia Přírodní perlivá 1,5l" data-href="/napoje?productList-id=2699&amp;do=productList-modal" class="product-name modal-link"
                   data-target="productList-productModal" onclick="kosikAjax.click(this, initModalCarousel(this))">
                    Magnesia Přírodní perlivá 1,5l
                    
                </a></h5>
            <p class="product-item-price ">
                <span class="price-before-discount">
				</span>
                <strong class="price">15,90 Kč</strong>

            </p>
            <p class="product-item-unit">
                    (<strong class="price">10,60 Kč</strong> / l)
            </p>
                        <div class="product-list-rating">
                <span><ul class="rating"><li class="rating-children rating-1 up" data-rating="1"><i class="fa fa-star"></i></li><li class="rating-children rating-2 up" data-rating="2"><i class="fa fa-star"></i></li><li class="rating-children rating-3 up" data-rating="3"><i class="fa fa-star"></i></li><li class="rating-children rating-4 up" data-rating="4"><i class="fa fa-star"></i></li><li class="rating-children rating-5 up" data-rating="5"><i class="fa fa-star"></i></li></ul></span>
            </div>
<div id="snippet-productList-buy-2699-quantity">        <div class="product-quantity-control">
            <form action="/napoje" method="post" class="ajax" id="frm-productList-buy-2699-quantityForm">
                <input type="text" name="quantity" size="3" id="frm-productList-buy-2699-quantityForm-quantity" data-nette-rules='[{"op":":integer","msg":"Množství musí být číslo."}]' value="1" aria-label="počet k přidání">
                <input type="submit" name="_submit" value="Přidat" class="product-quantity-control-submit plus" aria-label="přidat počet do košíku">
            <input type="hidden" name="do" value="productList-buy-2699-quantityForm-submit"><!--[if IE]><input type=IEbug disabled style="display:none"><![endif]-->
</form>

        </div>
</div>
                <p class="product-incart-info accessible">Produkt nemáte v košíku</p>


        </div>

        
    </div>
    <div id="product-append-2696" class="product-item">
        <div class="product-item-flags">
        </div>
        <div class="product-item-image">
                <a data-href="/napoje?productList-id=2696&amp;do=productList-modal"
                   data-target="productList-productModal"
                   data-product-id="2696"
                   data-product-price="13.9"
                   data-page-title="Dobrá voda Neperlivá 2l"
                   data-page-path="/produkt/2696-dobra-voda-neperliva-2l"
                   data-user-id=""
                   aria-hidden="true"
                   data-kosikmodal-onclose="currentPageDataPush"
                   onclick="kosikAjax.click(this, initModalCarousel(this))">
                    <img src="https://cdn.kosik.cz/content/product/jpg/list/placeholder.jpg" data-src="https://cdn.kosik.cz/content/product/jpg/list/2797.jpg" alt="Dobrá voda Neperlivá 2l" class="loading-images loading-image">
                </a>




        </div>
                <div class="product-item-info">
                <h5><a href="javascript:void(0)" aria-label="Dobrá voda Neperlivá 2l" data-href="/napoje?productList-id=2696&amp;do=productList-modal" class="product-name modal-link"
                   data-target="productList-productModal" onclick="kosikAjax.click(this, initModalCarousel(this))">
                    Dobrá voda Neperlivá 2l
                    
                </a></h5>
            <p class="product-item-price ">
                <span class="price-before-discount">
				</span>
                <strong class="price">13,90 Kč</strong>

            </p>
            <p class="product-item-unit">
                    (<strong class="price">7,00 Kč</strong> / l)
            </p>
                        <div class="product-list-rating">
            </div>
<div id="snippet-productList-buy-2696-quantity">        <div class="product-quantity-control">
            <form action="/napoje" method="post" class="ajax" id="frm-productList-buy-2696-quantityForm">
                <input type="text" name="quantity" size="3" id="frm-productList-buy-2696-quantityForm-quantity" data-nette-rules='[{"op":":integer","msg":"Množství musí být číslo."}]' value="1" aria-label="počet k přidání">
                <input type="submit" name="_submit" value="Přidat" class="product-quantity-control-submit plus" aria-label="přidat počet do košíku">
            <input type="hidden" name="do" value="productList-buy-2696-quantityForm-submit"><!--[if IE]><input type=IEbug disabled style="display:none"><![endif]-->
</form>

        </div>
</div>
                <p class="product-incart-info accessible">Produkt nemáte v košíku</p>


        </div>

        
    </div>
    <div id="product-append-2976" class="product-item">
        <div class="product-item-flags">
        </div>
        <div class="product-item-image">
                <a data-href="/napoje?productList-id=2976&amp;do=productList-modal"
                   data-target="productList-productModal"
                   data-product-id="2976"
                   data-product-price="19.9"
                   data-page-title="Birell, světlý nealkoholický, plech 0,5l"
                   data-page-path="/produkt/2976-birell-svetly-nealkoholicky-plech-0-5l"
                   data-user-id=""
                   aria-hidden="true"
                   data-kosikmodal-onclose="currentPageDataPush"
                   onclick="kosikAjax.click(this, initModalCarousel(this))">
                    <img src="https://cdn.kosik.cz/content/product/jpg/list/placeholder.jpg" data-src="https://cdn.kosik.cz/content/product/jpg/list/3080.jpg" alt="Birell, světlý nealkoholický, plech 0,5l" class="loading-images loading-image">
                </a>




        </div>
                <div class="product-item-info">
                <h5><a href="javascript:void(0)" aria-label="Birell, světlý nealkoholický, plech 0,5l" data-href="/napoje?productList-id=2976&amp;do=productList-modal" class="product-name modal-link"
                   data-target="productList-productModal" onclick="kosikAjax.click(this, initModalCarousel(this))">
                    Birell, světlý nealkoholický, plech 0,5l
                    
                </a></h5>
            <p class="product-item-price ">
                <span class="price-before-discount">
				</span>
                <strong class="price">19,90 Kč</strong>

            </p>
            <p class="product-item-unit">
                    (<strong class="price">39,80 Kč</strong> / l)
            </p>
                        <div class="product-list-rating">
            </div>
<div id="snippet-productList-buy-2976-quantity">        <div class="product-quantity-control">
            <form action="/napoje" method="post" class="ajax" id="frm-productList-buy-2976-quantityForm">
                <input type="text" name="quantity" size="3" id="frm-productList-buy-2976-quantityForm-quantity" data-nette-rules='[{"op":":integer","msg":"Množství musí být číslo."}]' value="1" aria-label="počet k přidání">
                <input type="submit" name="_submit" value="Přidat" class="product-quantity-control-submit plus" aria-label="přidat počet do košíku">
            <input type="hidden" name="do" value="productList-buy-2976-quantityForm-submit"><!--[if IE]><input type=IEbug disabled style="display:none"><![endif]-->
</form>

        </div>
</div>
                <p class="product-incart-info accessible">Produkt nemáte v košíku</p>


        </div>

        
    </div>
    <div id="product-append-2769" class="product-item">
        <div class="product-item-flags">
        </div>
        <div class="product-item-image">
                <a data-href="/napoje?productList-id=2769&amp;do=productList-modal"
                   data-target="productList-productModal"
                   data-product-id="2769"
                   data-product-price="13.9"
                   data-page-title="Rajec Pramenitá voda jemně sycená 1,5l"
                   data-page-path="/produkt/2769-rajec-pramenita-voda-jemne-sycena-1-5l"
                   data-user-id=""
                   aria-hidden="true"
                   data-kosikmodal-onclose="currentPageDataPush"
                   onclick="kosikAjax.click(this, initModalCarousel(this))">
                    <img src="https://cdn.kosik.cz/content/product/jpg/list/placeholder.jpg" data-src="https://cdn.kosik.cz/content/product/jpg/list/2870.jpg" alt="Rajec Pramenitá voda jemně sycená 1,5l" class="loading-images loading-image">
                </a>




        </div>
                <div class="product-item-info">
                <h5><a href="javascript:void(0)" aria-label="Rajec Pramenitá voda jemně sycená 1,5l" data-href="/napoje?productList-id=2769&amp;do=productList-modal" class="product-name modal-link"
                   data-target="productList-productModal" onclick="kosikAjax.click(this, initModalCarousel(this))">
                    Rajec Pramenitá voda jemně sycená 1,5l
                    
                </a></h5>
            <p class="product-item-price ">
                <span class="price-before-discount">
				</span>
                <strong class="price">13,90 Kč</strong>

            </p>
            <p class="product-item-unit">
                    (<strong class="price">9,30 Kč</strong> / l)
            </p>
                        <div class="product-list-rating">
            </div>
<div id="snippet-productList-buy-2769-quantity">        <div class="product-quantity-control">
            <form action="/napoje" method="post" class="ajax" id="frm-productList-buy-2769-quantityForm">
                <input type="text" name="quantity" size="3" id="frm-productList-buy-2769-quantityForm-quantity" data-nette-rules='[{"op":":integer","msg":"Množství musí být číslo."}]' value="1" aria-label="počet k přidání">
                <input type="submit" name="_submit" value="Přidat" class="product-quantity-control-submit plus" aria-label="přidat počet do košíku">
            <input type="hidden" name="do" value="productList-buy-2769-quantityForm-submit"><!--[if IE]><input type=IEbug disabled style="display:none"><![endif]-->
</form>

        </div>
</div>
                <p class="product-incart-info accessible">Produkt nemáte v košíku</p>


        </div>

        
    </div>
    <div id="product-append-2728" class="product-item">
        <div class="product-item-flags">
            <div class="flag-sale ">
                <span class="percents">36<small>&#37;</small></span>
            </div>
        </div>
        <div class="product-item-image">
                <a data-href="/napoje?productList-id=2728&amp;do=productList-modal"
                   data-target="productList-productModal"
                   data-product-id="2728"
                   data-product-price="16.9"
                   data-page-title="Mattoni Perlivá s příchutí citronu 1,5l"
                   data-page-path="/produkt/2728-mattoni-perliva-s-prichuti-citronu-1-5l"
                   data-user-id=""
                   aria-hidden="true"
                   data-kosikmodal-onclose="currentPageDataPush"
                   onclick="kosikAjax.click(this, initModalCarousel(this))">
                    <img src="https://cdn.kosik.cz/content/product/jpg/list/placeholder.jpg" data-src="https://cdn.kosik.cz/content/product/jpg/list/2829.jpg" alt="Mattoni Perlivá s příchutí citronu 1,5l" class="loading-images loading-image">
                </a>




        </div>
                <div class="product-item-info">
                <h5><a href="javascript:void(0)" aria-label="Mattoni Perlivá s příchutí citronu 1,5l" data-href="/napoje?productList-id=2728&amp;do=productList-modal" class="product-name modal-link"
                   data-target="productList-productModal" onclick="kosikAjax.click(this, initModalCarousel(this))">
                    Mattoni Perlivá s příchutí citronu 1,5l
                    
                </a></h5>
            <p class="product-item-price product-in-discount">
                <span class="price-before-discount">
					<span><strong class="price">16,90 Kč</strong></span>
				</span>
                <strong class="price">10,90 Kč</strong>

            </p>
            <p class="product-item-unit">
                    (<strong class="price">7,30 Kč</strong> / l)
            </p>
                        <div class="product-list-rating">
            </div>
<div id="snippet-productList-buy-2728-quantity">        <div class="product-quantity-control">
            <form action="/napoje" method="post" class="ajax" id="frm-productList-buy-2728-quantityForm">
                <input type="text" name="quantity" size="3" id="frm-productList-buy-2728-quantityForm-quantity" data-nette-rules='[{"op":":integer","msg":"Množství musí být číslo."}]' value="1" aria-label="počet k přidání">
                <input type="submit" name="_submit" value="Přidat" class="product-quantity-control-submit plus" aria-label="přidat počet do košíku">
            <input type="hidden" name="do" value="productList-buy-2728-quantityForm-submit"><!--[if IE]><input type=IEbug disabled style="display:none"><![endif]-->
</form>

        </div>
</div>
                <p class="product-incart-info accessible">Produkt nemáte v košíku</p>


        </div>

        
    </div>
    <div id="product-append-5323" class="product-item">
        <div class="product-item-flags">
        </div>
        <div class="product-item-image">
                <a data-href="/napoje?productList-id=5323&amp;do=productList-modal"
                   data-target="productList-productModal"
                   data-product-id="5323"
                   data-product-price="23.9"
                   data-page-title="GlockenGold 100%  jablečný džus 1l"
                   data-page-path="/produkt/5323-glockengold-100-jablecny-dzus-1l"
                   data-user-id=""
                   aria-hidden="true"
                   data-kosikmodal-onclose="currentPageDataPush"
                   onclick="kosikAjax.click(this, initModalCarousel(this))">
                    <img src="https://cdn.kosik.cz/content/product/jpg/list/placeholder.jpg" data-src="https://cdn.kosik.cz/content/product/jpg/list/5989.jpg" alt="GlockenGold 100%  jablečný džus 1l" class="loading-images loading-image">
                </a>




        </div>
                <div class="product-item-info">
                <h5><a href="javascript:void(0)" aria-label="GlockenGold 100%  jablečný džus 1l" data-href="/napoje?productList-id=5323&amp;do=productList-modal" class="product-name modal-link"
                   data-target="productList-productModal" onclick="kosikAjax.click(this, initModalCarousel(this))">
                    GlockenGold 100%  jablečný džus 1l
                    
                </a></h5>
            <p class="product-item-price ">
                <span class="price-before-discount">
				</span>
                <strong class="price">23,90 Kč</strong>

            </p>
            <p class="product-item-unit">
                    (<strong class="price">23,90 Kč</strong> / l)
            </p>
                        <div class="product-list-rating">
                <span><ul class="rating"><li class="rating-children rating-1 up" data-rating="1"><i class="fa fa-star"></i></li><li class="rating-children rating-2 up" data-rating="2"><i class="fa fa-star"></i></li><li class="rating-children rating-3 up" data-rating="3"><i class="fa fa-star"></i></li><li class="rating-children rating-4 up" data-rating="4"><i class="fa fa-star"></i></li><li class="rating-children rating-5 down" data-rating="5"><i class="fa fa-star"></i></li></ul></span>
            </div>
<div id="snippet-productList-buy-5323-quantity">        <div class="product-quantity-control">
            <form action="/napoje" method="post" class="ajax" id="frm-productList-buy-5323-quantityForm">
                <input type="text" name="quantity" size="3" id="frm-productList-buy-5323-quantityForm-quantity" data-nette-rules='[{"op":":integer","msg":"Množství musí být číslo."}]' value="1" aria-label="počet k přidání">
                <input type="submit" name="_submit" value="Přidat" class="product-quantity-control-submit plus" aria-label="přidat počet do košíku">
            <input type="hidden" name="do" value="productList-buy-5323-quantityForm-submit"><!--[if IE]><input type=IEbug disabled style="display:none"><![endif]-->
</form>

        </div>
</div>
                <p class="product-incart-info accessible">Produkt nemáte v košíku</p>


        </div>

        
    </div>
    <div id="product-append-33888" class="product-item">
        <div class="product-item-flags">
            <div class="flag-sale ">
                <span class="percents">30<small>&#37;</small></span>
            </div>
        </div>
        <div class="product-item-image">
                <a data-href="/napoje?productList-id=33888&amp;do=productList-modal"
                   data-target="productList-productModal"
                   data-product-id="33888"
                   data-product-price="9.9"
                   data-page-title="ZON Tonic  0,33 l"
                   data-page-path="/produkt/33888-zon-tonic-0-33-l"
                   data-user-id=""
                   aria-hidden="true"
                   data-kosikmodal-onclose="currentPageDataPush"
                   onclick="kosikAjax.click(this, initModalCarousel(this))">
                    <img src="https://cdn.kosik.cz/content/product/jpg/list/placeholder.jpg" data-src="https://cdn.kosik.cz/content/product/jpg/list/51376.jpg" alt="ZON Tonic  0,33 l" class="loading-images loading-image">
                </a>




        </div>
                <div class="product-item-info">
                <h5><a href="javascript:void(0)" aria-label="ZON Tonic  0,33 l" data-href="/napoje?productList-id=33888&amp;do=productList-modal" class="product-name modal-link"
                   data-target="productList-productModal" onclick="kosikAjax.click(this, initModalCarousel(this))">
                    ZON Tonic  0,33 l
                    
                </a></h5>
            <p class="product-item-price product-in-discount">
                <span class="price-before-discount">
					<span><strong class="price">9,90 Kč</strong></span>
				</span>
                <strong class="price">6,90 Kč</strong>

            </p>
            <p class="product-item-unit">
                    (<strong class="price">20,90 Kč</strong> / l)
            </p>
                        <div class="product-list-rating">
            </div>
<div id="snippet-productList-buy-33888-quantity">        <div class="product-quantity-control">
            <form action="/napoje" method="post" class="ajax" id="frm-productList-buy-33888-quantityForm">
                <input type="text" name="quantity" size="3" id="frm-productList-buy-33888-quantityForm-quantity" data-nette-rules='[{"op":":integer","msg":"Množství musí být číslo."}]' value="1" aria-label="počet k přidání">
                <input type="submit" name="_submit" value="Přidat" class="product-quantity-control-submit plus" aria-label="přidat počet do košíku">
            <input type="hidden" name="do" value="productList-buy-33888-quantityForm-submit"><!--[if IE]><input type=IEbug disabled style="display:none"><![endif]-->
</form>

        </div>
</div>
                <p class="product-incart-info accessible">Produkt nemáte v košíku</p>


        </div>

        
    </div>
    <div id="product-append-2967" class="product-item">
        <div class="product-item-flags">
        </div>
        <div class="product-item-image">
                <a data-href="/napoje?productList-id=2967&amp;do=productList-modal"
                   data-target="productList-productModal"
                   data-product-id="2967"
                   data-product-price="15.9"
                   data-page-title="Birell, polotmavý nealkoholický, sklo 0,5l"
                   data-page-path="/produkt/2967-birell-polotmavy-nealkoholicky-sklo-0-5l"
                   data-user-id=""
                   aria-hidden="true"
                   data-kosikmodal-onclose="currentPageDataPush"
                   onclick="kosikAjax.click(this, initModalCarousel(this))">
                    <img src="https://cdn.kosik.cz/content/product/jpg/list/placeholder.jpg" data-src="https://cdn.kosik.cz/content/product/jpg/list/3070.jpg" alt="Birell, polotmavý nealkoholický, sklo 0,5l" class="loading-images loading-image">
                </a>




        </div>
                <div class="product-item-info">
                <h5><a href="javascript:void(0)" aria-label="Birell, polotmavý nealkoholický, sklo 0,5l" data-href="/napoje?productList-id=2967&amp;do=productList-modal" class="product-name modal-link"
                   data-target="productList-productModal" onclick="kosikAjax.click(this, initModalCarousel(this))">
                    Birell, polotmavý nealkoholický, sklo 0,5l
                    
                </a></h5>
            <p class="product-item-price ">
                <span class="price-before-discount">
				</span>
                <strong class="price">15,90 Kč</strong>

            </p>
            <p class="product-item-unit">
                    (<strong class="price">31,80 Kč</strong> / l)
            </p>
                        <div class="product-list-rating">
            </div>
<div id="snippet-productList-buy-2967-quantity">        <div class="product-quantity-control">
            <form action="/napoje" method="post" class="ajax" id="frm-productList-buy-2967-quantityForm">
                <input type="text" name="quantity" size="3" id="frm-productList-buy-2967-quantityForm-quantity" data-nette-rules='[{"op":":integer","msg":"Množství musí být číslo."}]' value="1" aria-label="počet k přidání">
                <input type="submit" name="_submit" value="Přidat" class="product-quantity-control-submit plus" aria-label="přidat počet do košíku">
            <input type="hidden" name="do" value="productList-buy-2967-quantityForm-submit"><!--[if IE]><input type=IEbug disabled style="display:none"><![endif]-->
</form>

        </div>
</div>
                <p class="product-incart-info accessible">Produkt nemáte v košíku</p>


        </div>

        
    </div>
</div>

<div class="kosik-modal-overlay product-modal" id="productList-productModal" role="dialog">
    <div class="kosik-modal-inner large super-scaled" id="snippet-productList-productModalArea">
    </div>
</div>


<div class="kosik-modal-overlay" id="productList-productSetModal" role="dialog">
    <div class="kosik-modal-inner large super-scaled" id="snippet-productList-productSetModalArea">
    </div>
</div>
				</div>
			</div>

		</div>

	</div>



		</div>


		<div class="zone-wrapper zone-postscript-wrapper clearfix" id="footer-fixing-element">
			<div class="zone zone-postscript clearfix">
				<h2 class="hp-brand-carousel-title" style="display: none">Oblíbené značky</h2>
				<div class="region region-brands-carousel">
					<div class="region-inner region-brands-carousel-inner">

												<div>
	<div class="company-box" style="filter: grayscale(100%)" onmouseover="this.style.WebkitFilter='grayscale(0%)'" onmouseout="this.style.WebkitFilter='grayscale(100%)'">
		<a href="/birell-botanicals" aria-label="Birell Botanicals">
			<img style="margin-top: 15%" src="/content/microsites/birell/logo.jpg" alt="Birell Botanicals" aria-hidden="true">
			<div class="company-text" aria-hidden="true">Birell Botanicals</div>
		</a>
	</div>
</div>
												<div>
	<div class="company-box" style="filter: grayscale(100%)" onmouseover="this.style.WebkitFilter='grayscale(0%)'" onmouseout="this.style.WebkitFilter='grayscale(100%)'">
		<a href="/brand/penam" aria-label="Penam">
			<img style="margin-top: 15%" src="https://cdn.kosik.cz/content/brand-logo/png/default/86.png" alt="Penam" aria-hidden="true">
			<div class="company-text" aria-hidden="true">Penam</div>
		</a>
	</div>
</div>
<div>
	<div class="company-box" style="filter: grayscale(100%)" onmouseover="this.style.WebkitFilter='grayscale(0%)'" onmouseout="this.style.WebkitFilter='grayscale(100%)'">
		<a href="/brand/madeta" aria-label="Madeta">
			<img style="margin-top: 15%" src="https://cdn.kosik.cz/content/brand-logo/png/default/101.png" alt="Madeta" aria-hidden="true">
			<div class="company-text" aria-hidden="true">Madeta</div>
		</a>
	</div>
</div>
<div>
	<div class="company-box" style="filter: grayscale(100%)" onmouseover="this.style.WebkitFilter='grayscale(0%)'" onmouseout="this.style.WebkitFilter='grayscale(100%)'">
		<a href="/brand/danone" aria-label="Danone">
			<img style="margin-top: 15%" src="https://cdn.kosik.cz/content/brand-logo/png/default/109.png" alt="Danone" aria-hidden="true">
			<div class="company-text" aria-hidden="true">Danone</div>
		</a>
	</div>
</div>
<div>
	<div class="company-box" style="filter: grayscale(100%)" onmouseover="this.style.WebkitFilter='grayscale(0%)'" onmouseout="this.style.WebkitFilter='grayscale(100%)'">
		<a href="/brand/dr-oetker" aria-label="Dr. Oetker">
			<img style="margin-top: 15%" src="https://cdn.kosik.cz/content/brand-logo/png/default/313.png" alt="Dr. Oetker" aria-hidden="true">
			<div class="company-text" aria-hidden="true">Dr. Oetker</div>
		</a>
	</div>
</div>
<div>
	<div class="company-box" style="filter: grayscale(100%)" onmouseover="this.style.WebkitFilter='grayscale(0%)'" onmouseout="this.style.WebkitFilter='grayscale(100%)'">
		<a href="/brand/pickwick" aria-label="Pickwick">
			<img style="margin-top: 15%" src="https://cdn.kosik.cz/content/brand-logo/png/default/357.png" alt="Pickwick" aria-hidden="true">
			<div class="company-text" aria-hidden="true">Pickwick</div>
		</a>
	</div>
</div>
<div>
	<div class="company-box" style="filter: grayscale(100%)" onmouseover="this.style.WebkitFilter='grayscale(0%)'" onmouseout="this.style.WebkitFilter='grayscale(100%)'">
		<a href="/brand/velkopopovicky-kozel" aria-label="Velkopopovický Kozel">
			<img style="margin-top: 15%" src="https://cdn.kosik.cz/content/brand-logo/png/default/448.png" alt="Velkopopovický Kozel" aria-hidden="true">
			<div class="company-text" aria-hidden="true">Velkopopovický Kozel</div>
		</a>
	</div>
</div>
<div>
	<div class="company-box" style="filter: grayscale(100%)" onmouseover="this.style.WebkitFilter='grayscale(0%)'" onmouseout="this.style.WebkitFilter='grayscale(100%)'">
		<a href="/brand/edeka" aria-label="Edeka">
			<img style="margin-top: 15%" src="https://cdn.kosik.cz/content/brand-logo/png/default/678.png" alt="Edeka" aria-hidden="true">
			<div class="company-text" aria-hidden="true">Edeka</div>
		</a>
	</div>
</div>

					</div>
				</div>
				<div class="region region-subscribe-box">
					<div class="region-inner region-subscribe-box-inner">
						<div class="block block-subscribe-box-logo">
							<a aria-hidden="true" href="/">
								<img src="/css/images/logo-white.svg" alt="Košík.cz">
							</a>
						</div>
						<div class="block block-subscribe-box-social">
							<a href="https://twitter.com/kosikcz" class="twitter" title="Twitter" aria-label="Twitter">
								<i class="fa fa-twitter" aria-hidden="true"></i>
							</a>
							<a href="https://www.facebook.com/kosikcz" title="Facebook" class="facebook" aria-label="Facebook">
								<i class="fa fa-facebook" aria-hidden="true"></i>
							</a>
							<a href="https://www.instagram.com/kosik.cz/" title="Instagram" class="instagram" aria-label="Instagram" >
								<i class="fa fa-instagram" aria-hidden="true"></i>
							</a>
						</div>

<div class="block block-subscribe-email" id="snippet-subscribeMailing-subscribeFormArea">
		<p>Novinky a akční nabídky</p>
		<form action="/napoje" method="post" class="ajax" id="frm-subscribeMailing-subscribe">
		<label for="frm-subscribeMailing-subscribe-email">Zadejte svůj e-mail</label>
		<input type="text" name="email" placeholder="Zadejte svůj e-mail" id="frm-subscribeMailing-subscribe-email" required data-nette-rules='[{"op":":filled","msg":"E-mail je povinný"},{"op":":email","msg":"E-mail nemá správný formát"}]'>
		<input type="submit" name="_submit" value="Přihlásit" class="subscribe-button button-simple button-green" aria-label="Přihlásit se k odběru novinek">
		<input type="hidden" name="do" value="subscribeMailing-subscribe-submit"><!--[if IE]><input type=IEbug disabled style="display:none"><![endif]-->
</form>

</div>
					</div>
				</div>

			</div>
		</div>

		<footer class="zone-wrapper zone-footer-wrapper clearfix" role="contentinfo">
			<div class="zone zone-footer clearfix">
				<h2 class="accessible">Patička</h2>
				<div class="region region-footer lighter-gray-bg">
					<div class="region-inner region-footer-inner">
						<div class="block block-footer-left">

	<ul>
		<li>
			<h4 class="footer-title">Nakupování</h4>
			<ul>
				<li>
					<a href="/pripravene-nakupy">Připravené nákupy</a>
				</li>
				<li>
					<a href="/pruvodce-nakupem">Průvodce nákupem</a>
				</li>
				<li>
					<a href="/produkty-v-akci">Produkty v akci</a>
				</li>
				<li>
					<a href="/brands">Značkové obchody</a>
				</li>
				<li>
					<a href="/doporucujeme">Doporučujeme</a>
				</li>
			</ul>
		</li>
	</ul>
	<ul>
		<li>
			<h4 class="footer-title">Společnost</h4>
			<ul>
				<li>
					<a href="/spolecnost/kontakt">Kontakt</a>
				</li>
				<li>
					<a href="/kariera">Kariéra</a>
				</li>
				<li>
					<a href="/spolecnost/obchodni-podminky">Obchodní podmínky</a>
				</li>
				<li>
					<a href="/spolecnost/zrusit-odber">Zrušit odběr akční nabídky</a>
				</li>
			</ul>
		</li>
	</ul>
	<ul>
		<li>
			<h4 class="footer-title">Zajímá vás</h4>
			<ul>
				<li>
					<a href="/zajima-vas/proc-vybrat-kosik">Proč vybrat Košík.cz?</a>
				</li>
				<li>
					<a href="/zajima-vas/caste-dotazy">Časté dotazy</a>
				</li>
				<li>
					<a href="/zajima-vas/spoluprace">Spolupráce</a>
				</li>
				<li>
					<a href="/vitejte">První nákup</a>
				</li>
			</ul>
		</li>
	</ul>
	<ul>
		<li>
			<h4 class="footer-title">Získejte</h4>
			<ul>
				<li>
					<a href="/informace-o-rozvozu-a-cenach">Informace o rozvozu a cenách</a>
				</li>
				<li>
					<a href="/garance-spokojenosti">Garance spokojenosti</a>
				</li>
			</ul>
		</li>
	</ul>
						</div>
						<div class="block block-footer-right">
							<a href="https://www.facebook.com/kosikcz" class="accessible">Facebook Košík.cz</a>
							<div class="fb-page" data-href="https://www.facebook.com/kosikcz" data-width="300"
								 data-height="200"
								 data-small-header="true" data-adapt-container-width="false" data-hide-cover="false"
								 data-show-facepile="true" data-show-posts="false" aria-hidden="true">
								<div class="fb-xfbml-parse-ignore">
									<blockquote cite="https://www.facebook.com/kosikcz"><a
												href="https://www.facebook.com/kosikcz">Facebook</a></blockquote>
								</div>
							</div>
						</div>
						<div class="clear"></div>
						<div class="block block-footer-services">
							<div class="service-contact">
								<div class="service-phone">
									<span class="circle"><i class="fa fa-phone" aria-label="Telefon"></i></span>
									<p>226 22 05 00 <span>Denně 7:00 až 22:00</span></p>
							</div>
								<div class="service-mail">
									<span class="circle"><i class="fa fa-envelope" aria-label="E-mail"></i></span>

									<p>zakaznici@kosik.cz <span>Vašim e-mailům se věnujeme 7 dní v týdnu.</span></p>
								</div>
							</div>
							<div class="service-payment">
									<div class="payment">
										<img src="/css/images/payment-1.png" alt="Bezpečná platba - 1">
									</div>
									<div class="payment">
										<img src="/css/images/payment-2.png" alt="Bezpečná platba - 2">
									</div>
									<div class="payment">
										<img src="/css/images/payment-3.png" alt="Bezpečná platba - 3">
									</div>
									<div class="payment">
										<img src="/css/images/payment-4.png" alt="Bezpečná platba - 4">
									</div>
									<div class="payment">
										<img src="/css/images/payment-5.png" alt="Bezpečná platba - 5">
									</div>
							</div>
						</div>
					</div>
				</div>
				<div class="region region-copyright">
					<div class="region-inner region-copyright-inner">
						<p>Copyright ©2017 &copy; Košík.cz. Všechna práva vyhrazena.</p>
												<!-- Facebook Pixel Code -->
						<script>
							!function (f, b, e, v, n, t, s){if(f.fbq)return;n=f.fbq=function(){n.callMethod?
				n.callMethod.apply(n,arguments):n.queue.push(arguments)};if(!f._fbq)f._fbq=n;
				n.push=n;n.loaded=!0;n.version='2.0';n.queue=[];t=b.createElement(e);t.async=!0;
				t.src=v;s=b.getElementsByTagName(e)[0];s.parentNode.insertBefore(t,s)}(window,
									document, 'script', '//connect.facebook.net/en_US/fbevents.js');
							fbq('init', '338087796401059');
							fbq('track', "PageView");</script>
						<noscript><img height="1" width="1" style="display:none"
									   src="https://www.facebook.com/tr?id=338087796401059&ev=PageView&noscript=1"
							></noscript>
						<!-- End Facebook Pixel Code -->
					</div>
				</div>
			</div>
		</footer>

				<section class="kosik-modal-overlay zero-padding" id="weighable-modal" role="dialog" tabindex="-1">
			<div class="kosik-modal-inner large  super-scaled">

				<a href="javascript:void(0)" aria-label="Zavřít dialog" class="kosik-modal-close"></a>

				<div class="region region-fullwidth-image">
					<div class="region-inner region-fullwidth-image-inner">
						<img src="/css/images/veg.jpg" alt="">
					</div>
				</div>
				<div class="region region-modal-content">
					<div class="region-inner region-modal-content-inner  align-center">
						<h1 class="title"><strong>Kolik u nás zaplatíte</strong> <span>za maso, ovoce a zeleninu?</span></h1>

						<div class="block block-steps">
							<div class="block-steps-inner">
								<div class="step">
																		<p class="step-text">Slovíčka „cca" se u nás bát nemusíte! Jde pouze o přibližný
										odhad ceny, <strong>ve finále vám naúčtujeme pouze reálnou váhu daného
											výrobku.</strong></p>
								</div>
								<div class="step">
																		<p class="step-text">Při platbě v hotovosti vás kurýr obeznámí s výslednou cenou.
										Při platbě kartou vám případný rozdíl bude vrácen zpět na váš účet.</p>
								</div>
								<div class="step">
																		<p class="step-text">Nikdy se však nebude jednat o rozdíl větší než 30% z ceny
										výrobku.</p>
								</div>
							</div>
						</div>
						<a class="button button-red green-button"
						   onclick="kosikModal.closeModal(document.getElementById('weighable-modal'))">Pokračovat v nákupu</a>
					</div>
				</div>

			</div>
		</section>




        <div class="kosik-modal-overlay" id="login-modal" role="dialog" tabindex="-1" aria-labelledby="login-modal-label">
            <div class="kosik-modal-inner medium super-scaled">
                <div class="login-modal-dialog-box">
<a href="javascript:void(0)" aria-label="Zavřít dialog" class="log-in-close-tag kosik-modal-close"></a>
<div class="login-modal" id="snippet-loginModal-signIn-singIN">
        <h2 id="login-modal-label">Přihlásit</h2>
        <form action="/napoje" method="post" id="frm-loginModal-signIn-signInForm">
            <div class="form-row">
                    <label for="frm-loginModal-signIn-signInForm-email">E-mailová adresa</label>
                <input type="text" name="email" maxlength="255" id="frm-loginModal-signIn-signInForm-email" required data-nette-rules='[{"op":":filled","msg":"Zadejte prosím svoji e-mailovou adresu."},{"op":":email","msg":"E-mailová adresa nemá správný formát."},{"op":":maxLength","msg":"Maximální délka e-mailové adresy je %length% znaků.","arg":255}]' class="form-control">
            </div>
            <div class="form-row">
                    <label for="frm-loginModal-signIn-signInForm-password">Heslo</label>
                <input type="password" name="password" id="frm-loginModal-signIn-signInForm-password" required data-nette-rules='[{"op":":filled","msg":"Zadejte prosím své heslo."}]' class="form-control">
            </div>
            <div class="form-row">
                <a class="ajax link-red" href="/napoje?do=loginModal-signIn-recovery">Zapomněli jste heslo?</a>
            </div>
            <div class="form-row">
                <input type="submit" name="send" value="Přihlásit" class="button button-red ajax">
            </div>
        <input type="hidden" name="do" value="loginModal-signIn-signInForm-submit"></form>

        <div class="form-row">
            <span class="row-delimiter">
                <b>nebo</b>
            </span>
        </div>
        <div class="form-row">
<a class="button button-facebook" data-href="true" href="/napoje?do=loginModal-signIn-facebook-fbLogin-open">Facebook přihlášení</a>        </div>
</div>
<div class="login-modal" id="snippet-loginModal-signUp-singUP">
    <h2>Registrovat</h2>
<div id="snippet-loginModal-signUp-register">        <form action="/napoje" method="post" id="frm-loginModal-signUp-signUpFormMain">
            <div class="form-row">
                    <label for="frm-loginModal-signUp-signUpFormMain-email">Registrační e-mail</label>
                <input type="text" name="email" maxlength="255" id="frm-loginModal-signUp-signUpFormMain-email" required data-nette-rules='[{"op":":filled","msg":"Zadejte prosím svou e-mailovou adresu."},{"op":":email","msg":"E-mailová adresa nemá správný formát."},{"op":":maxLength","msg":"Maximální délka e-mailové adresy je %length% znaků.","arg":255}]' class="form-control signup-email">
            </div>

            <div class="form-row">
                <a href="/zajima-vas/proc-vybrat-kosik" class="link-red">Proč se registrovat?</a>
            </div>
            <div class="form-row">
                <input type="submit" name="send" value="Registrovat" class="ajax button button-red">
            </div>
        <input type="hidden" name="do" value="loginModal-signUp-signUpFormMain-submit"><!--[if IE]><input type=IEbug disabled style="display:none"><![endif]-->
</form>

                                                <p class="benefits">
            <i class="fa fa-check"></i>
            <b>Garance</b> spokojenosti
        </p>
        <p class="benefits">
            <i class="fa fa-check"></i>
            <b>Doprava</b> zdarma
        </p>
</div></div>

<script async>
    $(".signup-email").on("focus", function() {
    	window.dataLayer = window.dataLayer || [];
	    window.dataLayer.push({
		    'event': 'ga.event',
		    'eCategory': 'User',
		    'eAction': 'Registration',
		    'eLabel': 'Start',
		    'eValue': 1,
		    'eNonInteractionHit': true,
		    'eventCallback' : function() {
			    window.dataLayer.push({
				    'eCategory': undefined,
				    'eAction': undefined,
				    'eLabel': undefined,
				    'eValue': undefined,
				    'eNonInteractionHit': false
			    });
		    }
	    });
    })
</script>
                </div>
            </div>
        </div>
    <div class="kosik-modal-overlay" id="product-set-add-modal" role="dialog" tabindex="-1">
        <div class="kosik-modal-inner medium super-scaled">
            <a href="javascript:void(0)" aria-label="Zavřít dialog" class="kosik-modal-close"></a>

				<div class="product-set-add-modal-overlay" id="snippet--productSetModalArea">
	<h3>Přidání na seznam</h3>
	<p align="center">Produkt byl přidán na nákupní seznam</p>
				</div>
			</div>
		</div>
	</div>

	<script type="text/javascript">
		$(document).ready(function () {
			$('.region-brands-carousel-inner').slick({
				dots: false,
				infinite: true,
				slidesToShow: 6,
				slidesToScroll: 6,
				responsive: [
					{
						breakpoint: 1025,
						settings: {
							slidesToShow: 5,
                            swipeToSlide: true
						}
					},
					{
						breakpoint: 769,
						settings: {
							slidesToShow: 4,
                            swipeToSlide: true
						}
					},
					{
						breakpoint: 559,
						settings: {
							slidesToShow: 3,
                            swipeToSlide: false,
                            slidesToScroll: 3,
						}
					},
					{
						breakpoint: 380,
						settings: {
							slidesToShow: 2,
                            swipeToSlide: false,
                            slidesToScroll: 2,
						}
					}
				]
			});
		});

	</script>
</div>        </div>
        <div class="flass-massege-box" id="snippet--flashes">
            <div class="flass-wrapper">
                <div class="flass-inner">
                </div>
            </div>

        </div>
        <script src="/js/kosik-slider.js"></script>
            <script type="text/javascript" async>
                var ua = navigator.userAgent.toLowerCase(),
                        platform = navigator.platform.toLowerCase();
                platformName = ua.match(/ip(?:ad|od|hone)/) ? 'ios' : (ua.match(/(?:webos|android)/) || platform.match(/mac|win|linux/) || ['other'])[0],
                        isMobile = /ios|android|webos/.test(platformName);
                if (!isMobile) {
                    <!-- Daktela Chat - START Body -->
                    var _daktelaChatInit = _daktelaChatInit || {};
                    _daktelaChatInit.server = 'https://digitalengines.daktela.com/';
                    _daktelaChatInit.accessToken = 'q3059750300809p3r611r01np2n63r7r';
                    _daktelaChatInit.queueName = '91001';
                    jQuery('head').append('<script type="text/javascript" charset="utf-8" src="'+
                    _daktelaChatInit.server+'external/chat/chat.v6.js" async><'+'/script>');
                    <!-- Daktela Chat - END Body -->
                }
            </script>
            <script async src="https://yottlyscript.com/script.js?tp=77"></script>

        <script src="/js/wNumb.js"></script>
        <script src="/js/nouislider.js"></script>
        <script src="/js/notification.js"></script>
        <script src="/js/slim.kickstart.min.js"></script>


		    </body>
</html>
