<!doctype html>
<html class="no-js" lang="cs">
    <head>
        <meta charset="utf-8">
        <title>
                Košík.cz - Online supermarket, který drží ceny nízko | Košík.cz
        </title>
        <meta name="description" content="">
        <meta name="viewport" content="width=device-width, initial-scale=1.0, minimum-scale=1.0, maximum-scale=1.0, user-scalable=0">
        <meta name="google-site-verification" content="D_TktPqmDVHPoqRO1IIcPVlm_ozerAa43QP0QcKATP0">
        <link rel="apple-touch-icon" href="/css/images/logo.png">
        <link rel="stylesheet" type="text/css" href="/css/slim.min.css">

<link rel="stylesheet" type="text/css" href="/webtemp/cssloader-6fe495a87813.css?1513959590">
<script type="text/javascript" src="/webtemp/jsloader-e4f5f7728c43.js?1511346204"></script>
<script type="text/javascript">
    function currentPageDataPush() {
	    window.dataLayer = window.dataLayer || [];
	    window.dataLayer.push({
		    'pageType': "home",
		    'pageCategory': [],
		    'visitorLoginState': 'Anonymous',
					});
    };
    currentPageDataPush();
</script>
<!-- Google Tag Manager -->
    <script>
        (
            function(w,d,s,l,i){
                w[l]=w[l]||[];
                w[l].push({'gtm.start':new Date().getTime(),event:'gtm.js'});
                var f=d.getElementsByTagName(s)[0],j=d.createElement(s),dl=l!='dataLayer'?'&l='+l:'';
                j.async=true;
                j.src='https://www.googletagmanager.com/gtm.js?id='+i+dl;
                f.parentNode.insertBefore(j,f);
            }
        )(window,document,'script','dataLayer',"GTM-MXLVZK");
    </script>
<!-- End Google Tag Manager -->        
                    </head>
    <body>
<!-- Google Tag Manager (noscript) -->
	<noscript><iframe src="https://www.googletagmanager.com/ns.html?id=GTM-MXLVZK" height="0" width="0" style="display:none;visibility:hidden"></iframe></noscript>
<!-- End Google Tag Manager (noscript) -->
	            <div id="fb-root"></div>
        <script async>(function (d, s, id) {
                var js, fjs = d.getElementsByTagName(s)[0];
                if (d.getElementById(id)) return;
                js = d.createElement(s);
                js.id = id;
                js.src = "//connect.facebook.net/en_US/sdk.js#xfbml=1&version=v2.4&appId=680354828760786";
                fjs.parentNode.insertBefore(js, fjs);
            }(document, 'script', 'facebook-jssdk'));
        </script>
        <div class="black-overlay"></div>
        <div id="kosik-modal-blur">
<div id="snippet--wholeContent">	<!--[if lt IE 8]>
	<p class="browserupgrade">You are using an <strong>outdated</strong> browser. Please <a
			href="http://browsehappy.com/">upgrade your browser</a> to improve your experience.</p>
	<![endif]-->
	<div class="body">
		<div id="skiptocontent">
						<button onclick='location.href = "#maincontent";'  class="skip-link" accesskey="o" tabindex="1" aria-label="Přejít na hlavní obsah (klávesa o)">Hlavní obsah [o]</button>
			<button onclick='location.href = "#big-menu";'  class="skip-link" accesskey="n" tabindex="1" href="" aria-label="Přejít na navigaci (klávesa n)">Přejít na navigaci [n]</button>
			<button onclick='location.href = "#frm-suggester-suggester-phrase";'  class="skip-link" accesskey="v" tabindex="1" aria-label="Přejít na vyhledání (klávesa v)">Přejít na vyhledání [v]</button>

				<button class="skip-link blur-modal-overlay kosik-modal-open log-out-icon" tabindex="1" data-target="login-modal" aria-label="Přihlásit se (nejste přihlášen)">Přihlásit se</button>
		</div>

		<header>
			<div class="zone-wrapper zone-header-wrapper clearfix">
<div id="snippet-cookiesAgreementControl-bar">    <div class="region region-cookie-message">
        <div class="region-inner region-cookie-message-inner">
            <span>Cookies nám pomáhají poskytovat lepší služby. Používáním/zobrazováním stránky vyjadřujete souhlas s jejich používáním a uchováváním.</span>
            <a class="btn-info ajax" aria-label="Souhlasím s používáním a uchováváním cookies" href="/?do=cookiesAgreementControl-agree">Souhlasím</a>
        </div>
    </div>
</div>				<div class="zone zone-header clearfix">
					<div class="region region-header">
						<div class="region-inner region-header-inner">
							<div class="block block-logo">
								<a class="header-logo" href="/">
									<img src="/css/images/logo.svg" alt="logo Kosik.cz">
								</a>
							</div>
<script>
    $(document).ready(function(){
        var timeout;

		$('.block-suggester-container').on('click',function(e){

			e.stopPropagation();

        });

        $('.block-suggester-container .suggester input[type=text]').keyup(function(){
            var self = $(this);

            if(timeout) clearTimeout(timeout);

            timeout = setTimeout(function(){
                $.nette.ajax({
                    url: "https:\/\/www.kosik.cz\/?do=suggester-suggest",
                    data: {
                        phrase: self.val()
                    }
                })
            }, 300);


        });

    });

    function gaPush(self, cat)
    {
        dataLayer.push({
            'event': 'ga.pageview',
            'pagePath': '/hledat?q='+$('#frm-suggester-suggester-phrase').val()+'&cat='+cat,
            'pageTitle': 'Našeptávač'
        });

        window.location = self.href;
    }
</script>
<div class="block block-suggester-container" role="search">
    <div class="suggester">
        <form action="/" method="post" id="frm-suggester-suggester" aria-label="vyhledávání na košíku">
            <input type="text" name="phrase" autocomplete="off" placeholder="Vyhledávání" id="frm-suggester-suggester-phrase">
            <input type="submit" name="_submit" value="Hledat" class="button-simple button-red">
        <input type="hidden" name="do" value="suggester-suggester-submit"><!--[if IE]><input type=IEbug disabled style="display:none"><![endif]-->
</form>

    </div>
<div id="snippet-suggester-suggestionResult"></div></div>
<script type="text/javascript" async>
    var ShoppingList = {
        toggle: function () {
            basic.toggleClass(document.getElementById('shopping-list-overlay'), 'active')
        }
    };

    basic.documentReady(function () {

        var textArea = document.getElementById('frm-shoppingList-listForm-queries');

        if (textArea)
            textArea.setAttribute('placeholder', 'Například: \n\nMléko \nChléb \nVejce \nMaso \nRajče \n\n\nPro zadání klikněte do pole')
    });

</script>
<div class="block block-shopping-list" id="shopping-list-overlay">
    <a id="shopping-list" class="shopping-list button-simple button-red" onclick="ShoppingList.toggle()">Nákupní lístek</a>

    <div class="shopping-list-detail">
        <h5>Nákupní lístek</h5>

        <p>Napište hledané položky a klikněte na HLEDAT</p>
        <form action="/" method="post" id="frm-checklist-listForm">
        <textarea name="queries" placeholder="Například:&amp;#13;&amp;#10;" id="frm-checklist-listForm-queries">Chléb
Nízkotučný jogurt
Vejce
Hladká mouka</textarea>
            <div class="shopping-list-buttons">
                <a href="#" class="link-red" onclick="document.getElementById('frm-checklist-listForm').submit();">Uložit lístek</a>
                <a onclick="ShoppingList.toggle()" class="link-red">Skrýt lístek</a>
                <input type="submit" name="_submit" value="Hledat" class="button button-red">
            </div>
        <input type="hidden" name="do" value="checklist-listForm-submit"><!--[if IE]><input type=IEbug disabled style="display:none"><![endif]-->
</form>

    </div>
</div>
                        <div class="block block-user-session">

							<div class="user-session-group">
									<a class="log-icon log-out-icon blur-modal-overlay kosik-modal-open log-out-icon"
									   data-target="login-modal"
									   aria-label="Přihlásit se"
									   href="javascript:void(0)">
										<span><img src="/svg/log-out.svg"  title="Nepřihlášený uživatel"></span>
										Přihlásit
									</a>


							</div>

							</div>
							<script type="text/javascript">
								$(document).ready(function () {
									$('.block-user-session .button').click(function (event) {
										$('.block-user-session').toggleClass('open');
									});
								});
							</script>
						</div>
					</div>

					<div class="mobile-fixed-header" id="fixed-header">
						<span class="navigation-mobile only-mobile"></span>
						<span class="suggester-mobile-switcher icon-search"></span>
<div class="region region-nav-special" role="navigation">
    <div class="region-inner region-nav-special-inner">
        <ul>
            <li><a href="/produkty-v-akci" data-href="true" >
                    <img src="/svg/action.svg" aria-hidden="true" alt="akce">
                    <span class="item-name-desktop">Akce</span>
                </a></li>
            <li><a href="/vyprodej" data-href="true">
                    <img src="/svg/sale.svg" aria-hidden="true" alt="výprodej">
                    <span class="item-name-desktop">Výprodej</span>
                </a></li>
                        <li></li>
            <li><a href="/recepty" data-href="true">
                    <img src="/svg/recipes.svg" aria-hidden="true" alt="recepty">
                    <span class="item-name-desktop">Recepty</span>
                </a></li>
            <li><a href="https://blog.kosik.cz" data-href="true" target="_blank">
                    <img src="/svg/blog.svg" aria-hidden="true" alt="blog">
                    <span class="item-name-desktop">Blog</span>
                </a></li>
            <li><a href="/delikatesy">
                    <img src="/svg/deli.svg" aria-hidden="true" alt="delikatesy">
                    <span class="item-name-desktop">Delikatesy</span>
                </a></li>
            <li><a href="/hotova-jidla">
                    <img src="/svg/ready-made-meal.svg" aria-hidden="true" alt="hotová jídla">
                    <span class="item-name-desktop">Hotová jídla</span>
                </a></li>
            <li><a class="christmas-link" href="/#christmas-inspiration">
                    <img src="/svg/vanoce.svg" aria-hidden="true" alt="Vánoce">
                    <span class="item-name-desktop">Vánoce</span>
                </a></li>
            <li><a href="/poctive-piti">
                    <img src="/svg/honest-drinks.svg" aria-hidden="true" alt="poctivé pití">
                    <span class="item-name-desktop">Poctivé pití</span>
                </a></li>
        </ul>
    </div>
</div>

<div class="region region-navigation" id="big-menu" role="navigation">
    <div class="region-inner region-navigation-inner">
        <span class="navigation-mobile"></span>
        <script>
            $(document).ready(function () {
                $('.region-navigation ul > li.sub').hover(function () {
                    var isOpen = $(this).data().open;

                    if (!isOpen) {
                        var images = $(this).find('img');

                        images.each(function (index, element) {
                            $(element).attr('src', $(element).data().src);
                        });

                        $(this).data().open = true;
                    }
                });
            });
        </script>

        <ul>
                <li class="login-modal-controls  mobile-small-nav-show">
                    <a class="log-in blur-modal-overlay kosik-modal-open" data-target="login-modal" id="signup-open">
                        Registrovat
                    </a>
                    <a class="log-in blur-modal-overlay kosik-modal-open" data-target="login-modal" id="signin-open">
                        Přihlásit
                    </a>
                </li>
                <li class="facebook-nav  mobile-small-nav-show">
<a class="button button-facebook" data-href="true" href="/?do=menu-facebook-fbLogin-open">Facebook přihlášení</a>                </li>


                        <div class="menu-nav-icons mobile-small-nav-show">

                <div class="ico-text-group">
                    <a class="ico-text-group-link" href="/produkty-v-akci" data-href="true">
                        <span class="item-name">Akce</span>
                        <img src="/svg/action.svg" aria-hidden="true" alt="akce">
                    </a>
                </div>


                <div class="ico-text-group">
                    <a class="ico-text-group-link" href="/vyprodej" data-href="true">
                        <span class="item-name">Výprodej</span>
                        <img src="/svg/sale.svg" aria-hidden="true" alt="výprodej">
                    </a>
                </div>


                
                <div class="ico-text-group">
                    <a class="ico-text-group-link" href="/recepty" data-href="true">
                        <span class="item-name">Recepty</span>
                        <img src="/svg/recipes.svg" aria-hidden="true" alt="recepty">
                    </a>
                </div>

               <div class="ico-text-group">
                    <a class="ico-text-group-link" href="https://blog.kosik.cz" data-href="true" target="_blank">
                        <span class="item-name">Blog</span>
                        <img src="/svg/blog.svg" aria-hidden="true" alt="blog">
                    </a>
                </div>

                <div class="ico-text-group">
                    <a class="ico-text-group-link" href="/delikatesy" data-href="true">
                        <span class="item-name">Delikatesy</span>
                        <img src="/svg/deli.svg" aria-hidden="true" alt="delikatesy">
                    </a>
                </div>

                <div class="ico-text-group">
                    <a class="ico-text-group-link" href="/hotova-jidla" data-href="true">
                        <span class="item-name">Hotová jídla</span>
                        <img src="/svg/ready-made-meal.svg" aria-hidden="true" alt="hotová jídla">
                    </a>
                </div>

                <div class="ico-text-group">
                    <a class="ico-text-group-link christmas-link" href="/#christmas-inspiration" data-href="true" >
                        <span class="item-name">Vánoce</span>
                        <img src="/svg/vanoce.svg" aria-hidden="true" alt="Vánoce">
                    </a>
                </div>

                <div class="ico-text-group">
                    <a class="ico-text-group-link" href="/poctive-piti" data-href="true" >
                        <span class="item-name">Poctivé pití</span>
                        <img src="/svg/honest-drinks.svg" aria-hidden="true" alt="Poctivé pití">
                    </a>
                </div>
            </div>

                <li class="sub with-children"
                    data-open="false">
                    <a href="/mlecne-a-chlazene">
                        Mléčné a chlazené
                    </a>
                        <span class="category-toggle-sub mobile-small-nav-show"
                              onclick="this.parentNode.classList.toggle('open')">
							<i class="fa fa-angle-down" aria-hidden="true"></i>
						</span>
                    <div class="block block-droped-category">
                        <div class="block-droped-category-inner">
                            <div class="category-product-list">

                                                                <div class="product-type">
                                    <a href="/mlecne-a-chlazene/mlecne-vyrobky-vejce" class="product-type-image">
                                        <img data-src="https://cdn.kosik.cz/content/category/svg/menu/908.svg" alt="Mléčné výrobky, vejce">
                                    </a>
                                    <h3>
                                        <a class="children" href="/mlecne-a-chlazene/mlecne-vyrobky-vejce">
                                            Mléčné výrobky, vejce
                                        </a>
                                    </h3>

                                                                        <div class="categories-container">

                                                <a href="/mlecne-a-chlazene/mlecne-vyrobky-vejce/bio-mlecne-vyrobky">
                                                    Bio mléčné výrobky,
                                                </a>

                                                <a href="/mlecne-a-chlazene/mlecne-vyrobky-vejce/drozdi">
                                                    Droždí,
                                                </a>

                                                <a href="/mlecne-a-chlazene/mlecne-vyrobky-vejce/mleko">
                                                    Mléko,
                                                </a>


                                                <a href="/mlecne-a-chlazene/mlecne-vyrobky-vejce/smetany-a-alternativy">
                                                    Smetany a alternativy,
                                                </a>

                                                <a href="/mlecne-a-chlazene/mlecne-vyrobky-vejce/jogurty">
                                                    Jogurty,
                                                </a>







                                        <a href="/mlecne-a-chlazene/mlecne-vyrobky-vejce">...</a>
                                    </div>
                                </div>
                                <div class="product-type">
                                    <a href="/mlecne-a-chlazene/syry" class="product-type-image">
                                        <img data-src="https://cdn.kosik.cz/content/category/svg/menu/936.svg" alt="Sýry">
                                    </a>
                                    <h3>
                                        <a class="children" href="/mlecne-a-chlazene/syry">
                                            Sýry
                                        </a>
                                    </h3>

                                                                        <div class="categories-container">

                                                <a href="/mlecne-a-chlazene/syry/platkove">
                                                    Plátkové,
                                                </a>

                                                <a href="/mlecne-a-chlazene/syry/blocky">
                                                    Bločky,
                                                </a>

                                                <a href="/mlecne-a-chlazene/syry/strouhane">
                                                    Strouhané,
                                                </a>

                                                <a href="/mlecne-a-chlazene/syry/cottage-a-cerstve">
                                                    Cottage a čerstvé,
                                                </a>



                                                <a href="/mlecne-a-chlazene/syry/termizovane">
                                                    Termizované,
                                                </a>









                                        <a href="/mlecne-a-chlazene/syry">...</a>
                                    </div>
                                </div>
                                <div class="product-type">
                                    <a href="/mlecne-a-chlazene/upraveny-obsah-laktozy" class="product-type-image">
                                        <img data-src="https://cdn.kosik.cz/content/category/svg/menu/1703.svg" alt="Upravený obsah laktózy">
                                    </a>
                                    <h3>
                                        <a class="children" href="/mlecne-a-chlazene/upraveny-obsah-laktozy">
                                            Upravený obsah laktózy
                                        </a>
                                    </h3>

                                                                        <div class="categories-container">


                                                <a href="/mlecne-a-chlazene/upraveny-obsah-laktozy/bez-laktozy">
                                                    Bez laktózy,
                                                </a>
                                        <a href="/mlecne-a-chlazene/upraveny-obsah-laktozy">...</a>
                                    </div>
                                </div>
                                <div class="product-type">
                                    <a href="/mlecne-a-chlazene/maslo-margariny-tuky" class="product-type-image">
                                        <img data-src="https://cdn.kosik.cz/content/category/svg/menu/902.svg" alt="Máslo, margaríny, tuky">
                                    </a>
                                    <h3>
                                        <a class="children" href="/mlecne-a-chlazene/maslo-margariny-tuky">
                                            Máslo, margaríny, tuky
                                        </a>
                                    </h3>

                                                                        <div class="categories-container">

                                                <a href="/mlecne-a-chlazene/maslo-margariny-tuky/margariny">
                                                    Margaríny,
                                                </a>

                                                <a href="/mlecne-a-chlazene/maslo-margariny-tuky/maslo">
                                                    Máslo,
                                                </a>


                                                <a href="/mlecne-a-chlazene/maslo-margariny-tuky/sadlo">
                                                    Sádlo,
                                                </a>

                                        <a href="/mlecne-a-chlazene/maslo-margariny-tuky">...</a>
                                    </div>
                                </div>
                                <div class="product-type">
                                    <a href="/mlecne-a-chlazene/majonezy-tatarky-a-dresingy" class="product-type-image">
                                        <img data-src="https://cdn.kosik.cz/content/category/svg/menu/899.svg" alt="Majonézy, tatarky a dresingy">
                                    </a>
                                    <h3>
                                        <a class="children" href="/mlecne-a-chlazene/majonezy-tatarky-a-dresingy">
                                            Majonézy, tatarky a dresingy
                                        </a>
                                    </h3>

                                                                        <div class="categories-container">

                                                <a href="/mlecne-a-chlazene/majonezy-tatarky-a-dresingy/dresingy">
                                                    Dresingy,
                                                </a>

                                        <a href="/mlecne-a-chlazene/majonezy-tatarky-a-dresingy">...</a>
                                    </div>
                                </div>
                            </div>
                        </div>
                    </div>
                </li>
                <li class="sub with-children"
                    data-open="false">
                    <a href="/maso-a-ryby">
                        Maso a ryby
                    </a>
                        <span class="category-toggle-sub mobile-small-nav-show"
                              onclick="this.parentNode.classList.toggle('open')">
							<i class="fa fa-angle-down" aria-hidden="true"></i>
						</span>
                    <div class="block block-droped-category">
                        <div class="block-droped-category-inner">
                            <div class="category-product-list">

                                                                <div class="product-type">
                                    <a href="/maso-a-ryby/jehneci" class="product-type-image">
                                        <img data-src="https://cdn.kosik.cz/content/category/svg/menu/973.svg" alt="Jehněčí">
                                    </a>
                                    <h3>
                                        <a class="children" href="/maso-a-ryby/jehneci">
                                            Jehněčí
                                        </a>
                                    </h3>

                                                                        <div class="categories-container">

                                                <a href="/maso-a-ryby/jehneci/bio">
                                                    Bio,
                                                </a>

                                                <a href="/maso-a-ryby/jehneci/s-kosti">
                                                    S kostí,
                                                </a>

                                                <a href="/maso-a-ryby/jehneci/mlete">
                                                    Mleté,
                                                </a>
                                        <a href="/maso-a-ryby/jehneci">...</a>
                                    </div>
                                </div>
                                <div class="product-type">
                                    <a href="/maso-a-ryby/mlete-maso" class="product-type-image">
                                        <img data-src="https://cdn.kosik.cz/content/category/svg/menu/974.svg" alt="Mleté maso">
                                    </a>
                                    <h3>
                                        <a class="children" href="/maso-a-ryby/mlete-maso">
                                            Mleté maso
                                        </a>
                                    </h3>

                                                                        <div class="categories-container">

                                                <a href="/maso-a-ryby/mlete-maso/hovezi">
                                                    Hovězí,
                                                </a>

                                                <a href="/maso-a-ryby/mlete-maso/veprove">
                                                    Vepřové,
                                                </a>

                                                <a href="/maso-a-ryby/mlete-maso/jehneci">
                                                    Jehněčí,
                                                </a>

                                                <a href="/maso-a-ryby/mlete-maso/michane-mix">
                                                    Míchané (mix),
                                                </a>

                                                <a href="/maso-a-ryby/mlete-maso/drubezi">
                                                    Drůbeží,
                                                </a>
                                        <a href="/maso-a-ryby/mlete-maso">...</a>
                                    </div>
                                </div>
                                <div class="product-type">
                                    <a href="/maso-a-ryby/farmarske-a-specialni" class="product-type-image">
                                        <img data-src="https://cdn.kosik.cz/content/category/svg/menu/1858.svg" alt="Farmářské a speciální">
                                    </a>
                                    <h3>
                                        <a class="children" href="/maso-a-ryby/farmarske-a-specialni">
                                            Farmářské a speciální
                                        </a>
                                    </h3>

                                                                        <div class="categories-container">

                                                <a href="/maso-a-ryby/farmarske-a-specialni/farmarska-drubez">
                                                    Farmářská Drůbež,
                                                </a>

                                                <a href="/maso-a-ryby/farmarske-a-specialni/francouzska-drubez">
                                                    Francouzská drůbež,
                                                </a>
                                        <a href="/maso-a-ryby/farmarske-a-specialni">...</a>
                                    </div>
                                </div>
                                <div class="product-type">
                                    <a href="/maso-a-ryby/masa-na-grilovani-a-steaky" class="product-type-image">
                                        <img data-src="https://cdn.kosik.cz/content/category/svg/menu/1859.svg" alt="Masa na grilování a steaky">
                                    </a>
                                    <h3>
                                        <a class="children" href="/maso-a-ryby/masa-na-grilovani-a-steaky">
                                            Masa na grilování a steaky
                                        </a>
                                    </h3>

                                                                        <div class="categories-container">

                                                <a href="/maso-a-ryby/masa-na-grilovani-a-steaky/vyzrala-masa">
                                                    Vyzrálá masa,
                                                </a>

                                                <a href="/maso-a-ryby/masa-na-grilovani-a-steaky/masa-na-grilovani">
                                                    Masa na grilování,
                                                </a>

                                                <a href="/maso-a-ryby/masa-na-grilovani-a-steaky/masa-na-medailonky">
                                                    Masa na medailonky,
                                                </a>
                                        <a href="/maso-a-ryby/masa-na-grilovani-a-steaky">...</a>
                                    </div>
                                </div>
                                <div class="product-type">
                                    <a href="/maso-a-ryby/snadne-vareni-a-polotovary" class="product-type-image">
                                        <img data-src="https://cdn.kosik.cz/content/category/svg/menu/1860.svg" alt="Snadné vaření a polotovary">
                                    </a>
                                    <h3>
                                        <a class="children" href="/maso-a-ryby/snadne-vareni-a-polotovary">
                                            Snadné vaření a polotovary
                                        </a>
                                    </h3>

                                                                        <div class="categories-container">

                                                <a href="/maso-a-ryby/snadne-vareni-a-polotovary/sous-vide">
                                                    Sous vide,
                                                </a>

                                                <a href="/maso-a-ryby/snadne-vareni-a-polotovary/burgery">
                                                    Burgery,
                                                </a>

                                                <a href="/maso-a-ryby/snadne-vareni-a-polotovary/klobasy">
                                                    Klobásy,
                                                </a>

                                                <a href="/maso-a-ryby/snadne-vareni-a-polotovary/vyvary">
                                                    Vývary,
                                                </a>

                                                <a href="/maso-a-ryby/snadne-vareni-a-polotovary/masne-polotovary">
                                                    Masné Polotovary,
                                                </a>
                                        <a href="/maso-a-ryby/snadne-vareni-a-polotovary">...</a>
                                    </div>
                                </div>
                                <div class="product-type">
                                    <a href="/maso-a-ryby/drubez" class="product-type-image">
                                        <img data-src="https://cdn.kosik.cz/content/category/svg/menu/961.svg" alt="Drůbež">
                                    </a>
                                    <h3>
                                        <a class="children" href="/maso-a-ryby/drubez">
                                            Drůbež
                                        </a>
                                    </h3>

                                                                        <div class="categories-container">

                                                <a href="/maso-a-ryby/drubez/bio">
                                                    Bio,
                                                </a>

                                                <a href="/maso-a-ryby/drubez/kachna-husa">
                                                    Kachna, husa,
                                                </a>

                                                <a href="/maso-a-ryby/drubez/droby">
                                                    Droby,
                                                </a>

                                                <a href="/maso-a-ryby/drubez/mlete">
                                                    Mleté,
                                                </a>

                                                <a href="/maso-a-ryby/drubez/specialni">
                                                    Speciální,
                                                </a>

                                                <a href="/maso-a-ryby/drubez/na-polevku">
                                                    Na polévku,
                                                </a>

                                                <a href="/maso-a-ryby/drubez/rodinne-baleni">
                                                    Rodinné balení,
                                                </a>





                                        <a href="/maso-a-ryby/drubez">...</a>
                                    </div>
                                </div>
                                <div class="product-type">
                                    <a href="/maso-a-ryby/hovezi" class="product-type-image">
                                        <img data-src="https://cdn.kosik.cz/content/category/svg/menu/967.svg" alt="Hovězí">
                                    </a>
                                    <h3>
                                        <a class="children" href="/maso-a-ryby/hovezi">
                                            Hovězí
                                        </a>
                                    </h3>

                                                                        <div class="categories-container">

                                                <a href="/maso-a-ryby/hovezi/mlete">
                                                    Mleté,
                                                </a>

                                                <a href="/maso-a-ryby/hovezi/na-polevku">
                                                    Na polévku,
                                                </a>

                                                <a href="/maso-a-ryby/hovezi/rodinne-baleni">
                                                    Rodinné balení,
                                                </a>

                                                <a href="/maso-a-ryby/hovezi/jalovice-krava">
                                                    Jalovice, kráva,
                                                </a>

                                                <a href="/maso-a-ryby/hovezi/mlady-byk">
                                                    Mladý býk,
                                                </a>


                                                <a href="/maso-a-ryby/hovezi/bio">
                                                    Bio,
                                                </a>

                                        <a href="/maso-a-ryby/hovezi">...</a>
                                    </div>
                                </div>
                                <div class="product-type">
                                    <a href="/maso-a-ryby/veprove" class="product-type-image">
                                        <img data-src="https://cdn.kosik.cz/content/category/svg/menu/980.svg" alt="Vepřové">
                                    </a>
                                    <h3>
                                        <a class="children" href="/maso-a-ryby/veprove">
                                            Vepřové
                                        </a>
                                    </h3>

                                                                        <div class="categories-container">

                                                <a href="/maso-a-ryby/veprove/v-celku">
                                                    V celku,
                                                </a>

                                                <a href="/maso-a-ryby/veprove/krajene">
                                                    Krájené,
                                                </a>

                                                <a href="/maso-a-ryby/veprove/droby">
                                                    Droby,
                                                </a>

                                                <a href="/maso-a-ryby/veprove/mlete">
                                                    Mleté,
                                                </a>

                                                <a href="/maso-a-ryby/veprove/uzene">
                                                    Uzené,
                                                </a>

                                                <a href="/maso-a-ryby/veprove/slaniny">
                                                    Slaniny,
                                                </a>

                                                <a href="/maso-a-ryby/veprove/rodinne-baleni">
                                                    Rodinné balení,
                                                </a>
                                        <a href="/maso-a-ryby/veprove">...</a>
                                    </div>
                                </div>
                                <div class="product-type">
                                    <a href="/maso-a-ryby/ryby" class="product-type-image">
                                        <img data-src="https://cdn.kosik.cz/content/category/svg/menu/975.svg" alt="Ryby">
                                    </a>
                                    <h3>
                                        <a class="children" href="/maso-a-ryby/ryby">
                                            Ryby
                                        </a>
                                    </h3>

                                                                        <div class="categories-container">

                                                <a href="/maso-a-ryby/ryby/cele-ryby">
                                                    Celé ryby,
                                                </a>

                                                <a href="/maso-a-ryby/ryby/filety">
                                                    Filety,
                                                </a>

                                                <a href="/maso-a-ryby/ryby/ceske-ryby">
                                                    České ryby,
                                                </a>

                                                <a href="/maso-a-ryby/ryby/morske">
                                                    Mořské,
                                                </a>

                                                <a href="/maso-a-ryby/ryby/sladkovodni">
                                                    Sladkovodní,
                                                </a>

                                                <a href="/maso-a-ryby/ryby/uzene">
                                                    Uzené,
                                                </a>

                                        <a href="/maso-a-ryby/ryby">...</a>
                                    </div>
                                </div>
                                <div class="product-type">
                                    <a href="/maso-a-ryby/zverina" class="product-type-image">
                                        <img data-src="https://cdn.kosik.cz/content/category/svg/menu/982.svg" alt="Zvěřina">
                                    </a>
                                    <h3>
                                        <a class="children" href="/maso-a-ryby/zverina">
                                            Zvěřina
                                        </a>
                                    </h3>

                                                                        <div class="categories-container">

                                                <a href="/maso-a-ryby/zverina/vysoka">
                                                    Vysoká,
                                                </a>

                                                <a href="/maso-a-ryby/zverina/cerna">
                                                    Černá,
                                                </a>
                                        <a href="/maso-a-ryby/zverina">...</a>
                                    </div>
                                </div>
                                <div class="product-type">
                                    <a href="/maso-a-ryby/bio" class="product-type-image">
                                        <img data-src="https://cdn.kosik.cz/content/category/svg/menu/981.svg" alt="Bio">
                                    </a>
                                    <h3>
                                        <a class="children" href="/maso-a-ryby/bio">
                                            Bio
                                        </a>
                                    </h3>

                                                                        <div class="categories-container">

                                                <a href="/maso-a-ryby/bio/hovezi">
                                                    Hovězí,
                                                </a>

                                                <a href="/maso-a-ryby/bio/drubezi">
                                                    Drůbeží,
                                                </a>

                                                <a href="/maso-a-ryby/bio/jehneci">
                                                    Jehněčí,
                                                </a>
                                        <a href="/maso-a-ryby/bio">...</a>
                                    </div>
                                </div>
                                <div class="product-type">
                                    <a href="/maso-a-ryby/susene-maso" class="product-type-image">
                                        <img data-src="https://cdn.kosik.cz/content/category/svg/menu/984.svg" alt="Sušené maso">
                                    </a>
                                    <h3>
                                        <a class="children" href="/maso-a-ryby/susene-maso">
                                            Sušené maso
                                        </a>
                                    </h3>

                                                                        <div class="categories-container">

                                                <a href="/maso-a-ryby/susene-maso/hovezi">
                                                    Hovězí,
                                                </a>

                                                <a href="/maso-a-ryby/susene-maso/veprove">
                                                    Vepřové,
                                                </a>

                                                <a href="/maso-a-ryby/susene-maso/drubezi">
                                                    Drůbeží,
                                                </a>

                                                <a href="/maso-a-ryby/susene-maso/ostatni">
                                                    Ostatní,
                                                </a>
                                        <a href="/maso-a-ryby/susene-maso">...</a>
                                    </div>
                                </div>
                            </div>
                        </div>
                    </div>
                </li>
                <li class="sub with-children"
                    data-open="false">
                    <a href="/ovoce-a-zelenina">
                        Ovoce a zelenina
                    </a>
                        <span class="category-toggle-sub mobile-small-nav-show"
                              onclick="this.parentNode.classList.toggle('open')">
							<i class="fa fa-angle-down" aria-hidden="true"></i>
						</span>
                    <div class="block block-droped-category">
                        <div class="block-droped-category-inner">
                            <div class="category-product-list">

                                                                <div class="product-type">
                                    <a href="/ovoce-a-zelenina/susene-orechy-a-semena" class="product-type-image">
                                        <img data-src="https://cdn.kosik.cz/content/category/svg/menu/1003.svg" alt="Sušené ořechy a semena">
                                    </a>
                                    <h3>
                                        <a class="children" href="/ovoce-a-zelenina/susene-orechy-a-semena">
                                            Sušené ořechy a semena
                                        </a>
                                    </h3>

                                                                        <div class="categories-container">

                                                <a href="/ovoce-a-zelenina/susene-orechy-a-semena/orechy">
                                                    Ořechy,
                                                </a>

                                                <a href="/ovoce-a-zelenina/susene-orechy-a-semena/semena">
                                                    Semena,
                                                </a>
                                        <a href="/ovoce-a-zelenina/susene-orechy-a-semena">...</a>
                                    </div>
                                </div>
                                <div class="product-type">
                                    <a href="/ovoce-a-zelenina/cerstve-stavy" class="product-type-image">
                                        <img data-src="https://cdn.kosik.cz/content/category/svg/menu/1756.svg" alt="Čerstvé šťávy">
                                    </a>
                                    <h3>
                                        <a class="children" href="/ovoce-a-zelenina/cerstve-stavy">
                                            Čerstvé šťávy
                                        </a>
                                    </h3>

                                                                    </div>
                                <div class="product-type">
                                    <a href="/ovoce-a-zelenina/ovoce" class="product-type-image">
                                        <img data-src="https://cdn.kosik.cz/content/category/svg/menu/993.svg" alt="Ovoce">
                                    </a>
                                    <h3>
                                        <a class="children" href="/ovoce-a-zelenina/ovoce">
                                            Ovoce
                                        </a>
                                    </h3>

                                                                        <div class="categories-container">

                                                <a href="/ovoce-a-zelenina/ovoce/jablka-a-hrusky">
                                                    Jablka a hrušky,
                                                </a>


                                                <a href="/ovoce-a-zelenina/ovoce/citrusy">
                                                    Citrusy,
                                                </a>

                                                <a href="/ovoce-a-zelenina/ovoce/hrozny-a-melouny">
                                                    Hrozny a melouny,
                                                </a>

                                                <a href="/ovoce-a-zelenina/ovoce/jahody-a-lesni-plody">
                                                    Jahody a lesní plody,
                                                </a>

                                        <a href="/ovoce-a-zelenina/ovoce">...</a>
                                    </div>
                                </div>
                                <div class="product-type">
                                    <a href="/ovoce-a-zelenina/zelenina" class="product-type-image">
                                        <img data-src="https://cdn.kosik.cz/content/category/svg/menu/1013.svg" alt="Zelenina">
                                    </a>
                                    <h3>
                                        <a class="children" href="/ovoce-a-zelenina/zelenina">
                                            Zelenina
                                        </a>
                                    </h3>

                                                                        <div class="categories-container">

                                                <a href="/ovoce-a-zelenina/zelenina/brambory">
                                                    Brambory,
                                                </a>

                                                <a href="/ovoce-a-zelenina/zelenina/cibule-a-cesnek">
                                                    Cibule a česnek,
                                                </a>

                                                <a href="/ovoce-a-zelenina/zelenina/korenova-zelenina">
                                                    Kořenová zelenina,
                                                </a>


                                                <a href="/ovoce-a-zelenina/zelenina/okurky-a-salaty">
                                                    Okurky a saláty,
                                                </a>





                                                <a href="/ovoce-a-zelenina/zelenina/houby">
                                                    Houby,
                                                </a>


                                        <a href="/ovoce-a-zelenina/zelenina">...</a>
                                    </div>
                                </div>
                                <div class="product-type">
                                    <a href="/ovoce-a-zelenina/bylinky" class="product-type-image">
                                        <img data-src="https://cdn.kosik.cz/content/category/svg/menu/989.svg" alt="Bylinky">
                                    </a>
                                    <h3>
                                        <a class="children" href="/ovoce-a-zelenina/bylinky">
                                            Bylinky
                                        </a>
                                    </h3>

                                                                        <div class="categories-container">

                                                <a href="/ovoce-a-zelenina/bylinky/bylinky-v-kvetinaci">
                                                    Bylinky v květináči,
                                                </a>

                                                <a href="/ovoce-a-zelenina/bylinky/rezane-bylinky">
                                                    Řezané bylinky,
                                                </a>
                                        <a href="/ovoce-a-zelenina/bylinky">...</a>
                                    </div>
                                </div>
                                <div class="product-type">
                                    <a href="/ovoce-a-zelenina/salaty" class="product-type-image">
                                        <img data-src="https://cdn.kosik.cz/content/category/svg/menu/1000.svg" alt="Saláty">
                                    </a>
                                    <h3>
                                        <a class="children" href="/ovoce-a-zelenina/salaty">
                                            Saláty
                                        </a>
                                    </h3>

                                                                        <div class="categories-container">

                                                <a href="/ovoce-a-zelenina/salaty/ovocne-salaty">
                                                    Ovocné saláty,
                                                </a>

                                                <a href="/ovoce-a-zelenina/salaty/zeleninove-salaty">
                                                    Zeleninové saláty,
                                                </a>
                                        <a href="/ovoce-a-zelenina/salaty">...</a>
                                    </div>
                                </div>
                                <div class="product-type">
                                    <a href="/ovoce-a-zelenina/susene-ovoce-smesi-a-houby" class="product-type-image">
                                        <img data-src="https://cdn.kosik.cz/content/category/svg/menu/1008.svg" alt="Sušené ovoce, směsi a houby">
                                    </a>
                                    <h3>
                                        <a class="children" href="/ovoce-a-zelenina/susene-ovoce-smesi-a-houby">
                                            Sušené ovoce, směsi a houby
                                        </a>
                                    </h3>

                                                                        <div class="categories-container">

                                                <a href="/ovoce-a-zelenina/susene-ovoce-smesi-a-houby/susene-ovoce">
                                                    Sušené ovoce,
                                                </a>

                                                <a href="/ovoce-a-zelenina/susene-ovoce-smesi-a-houby/susene-houby">
                                                    Sušené houby,
                                                </a>
                                        <a href="/ovoce-a-zelenina/susene-ovoce-smesi-a-houby">...</a>
                                    </div>
                                </div>
                                <div class="product-type">
                                    <a href="/ovoce-a-zelenina/bio" class="product-type-image">
                                        <img data-src="https://cdn.kosik.cz/content/category/svg/menu/986.svg" alt="Bio">
                                    </a>
                                    <h3>
                                        <a class="children" href="/ovoce-a-zelenina/bio">
                                            Bio
                                        </a>
                                    </h3>

                                                                        <div class="categories-container">

                                                <a href="/ovoce-a-zelenina/bio/bio-ovoce">
                                                    Bio ovoce,
                                                </a>

                                                <a href="/ovoce-a-zelenina/bio/bio-zelenina">
                                                    Bio zelenina,
                                                </a>
                                        <a href="/ovoce-a-zelenina/bio">...</a>
                                    </div>
                                </div>
                            </div>
                        </div>
                    </div>
                </li>
                <li class="sub with-children"
                    data-open="false">
                    <a href="/pecivo">
                        Pečivo
                    </a>
                        <span class="category-toggle-sub mobile-small-nav-show"
                              onclick="this.parentNode.classList.toggle('open')">
							<i class="fa fa-angle-down" aria-hidden="true"></i>
						</span>
                    <div class="block block-droped-category">
                        <div class="block-droped-category-inner">
                            <div class="category-product-list">

                                                                <div class="product-type">
                                    <a href="/pecivo/dorty-a-zakusky" class="product-type-image">
                                        <img data-src="https://cdn.kosik.cz/content/category/svg/menu/1033.svg" alt="Dorty a zákusky">
                                    </a>
                                    <h3>
                                        <a class="children" href="/pecivo/dorty-a-zakusky">
                                            Dorty a zákusky
                                        </a>
                                    </h3>

                                                                    </div>
                                <div class="product-type">
                                    <a href="/pecivo/bezne" class="product-type-image">
                                        <img data-src="https://cdn.kosik.cz/content/category/svg/menu/1028.svg" alt="Běžné">
                                    </a>
                                    <h3>
                                        <a class="children" href="/pecivo/bezne">
                                            Běžné
                                        </a>
                                    </h3>

                                                                        <div class="categories-container">

                                                <a href="/pecivo/bezne/balene-pecivo">
                                                    Balené pečivo,
                                                </a>

                                                <a href="/pecivo/bezne/svetle-pecivo">
                                                    Světlé pečivo,
                                                </a>

                                                <a href="/pecivo/bezne/slane-pecivo">
                                                    Slané pečivo,
                                                </a>

                                        <a href="/pecivo/bezne">...</a>
                                    </div>
                                </div>
                                <div class="product-type">
                                    <a href="/pecivo/chleb" class="product-type-image">
                                        <img data-src="https://cdn.kosik.cz/content/category/svg/menu/1034.svg" alt="Chléb">
                                    </a>
                                    <h3>
                                        <a class="children" href="/pecivo/chleb">
                                            Chléb
                                        </a>
                                    </h3>

                                                                        <div class="categories-container">

                                                <a href="/pecivo/chleb/chleb-baleny">
                                                    Chléb balený,
                                                </a>

                                                <a href="/pecivo/chleb/chleb-volny">
                                                    Chléb volný,
                                                </a>
                                        <a href="/pecivo/chleb">...</a>
                                    </div>
                                </div>
                                <div class="product-type">
                                    <a href="/pecivo/sladke" class="product-type-image">
                                        <img data-src="https://cdn.kosik.cz/content/category/svg/menu/1042.svg" alt="Sladké">
                                    </a>
                                    <h3>
                                        <a class="children" href="/pecivo/sladke">
                                            Sladké
                                        </a>
                                    </h3>

                                                                        <div class="categories-container">

                                                <a href="/pecivo/sladke/sladke-pecivo-balene">
                                                    Sladké pečivo balené,
                                                </a>

                                                <a href="/pecivo/sladke/sladke-pecivo-volne">
                                                    Sladké pečivo volné,
                                                </a>
                                        <a href="/pecivo/sladke">...</a>
                                    </div>
                                </div>
                                <div class="product-type">
                                    <a href="/pecivo/trvanlive-pecivo" class="product-type-image">
                                        <img data-src="https://cdn.kosik.cz/content/category/svg/menu/1045.svg" alt="Trvanlivé pečivo">
                                    </a>
                                    <h3>
                                        <a class="children" href="/pecivo/trvanlive-pecivo">
                                            Trvanlivé pečivo
                                        </a>
                                    </h3>

                                                                    </div>
                                <div class="product-type">
                                    <a href="/pecivo/bezlepkove-pecivo" class="product-type-image">
                                        <img data-src="https://cdn.kosik.cz/content/category/svg/menu/1027.svg" alt="Bezlepkové pečivo">
                                    </a>
                                    <h3>
                                        <a class="children" href="/pecivo/bezlepkove-pecivo">
                                            Bezlepkové pečivo
                                        </a>
                                    </h3>

                                                                    </div>
                            </div>
                        </div>
                    </div>
                </li>
                <li class="sub with-children"
                    data-open="false">
                    <a href="/uzeniny-a-lahudky">
                        Uzeniny a lahůdky
                    </a>
                        <span class="category-toggle-sub mobile-small-nav-show"
                              onclick="this.parentNode.classList.toggle('open')">
							<i class="fa fa-angle-down" aria-hidden="true"></i>
						</span>
                    <div class="block block-droped-category">
                        <div class="block-droped-category-inner">
                            <div class="category-product-list">

                                                                <div class="product-type">
                                    <a href="/uzeniny-a-lahudky/uzeniny" class="product-type-image">
                                        <img data-src="https://cdn.kosik.cz/content/category/svg/menu/1047.svg" alt="Uzeniny">
                                    </a>
                                    <h3>
                                        <a class="children" href="/uzeniny-a-lahudky/uzeniny">
                                            Uzeniny
                                        </a>
                                    </h3>

                                                                        <div class="categories-container">

                                                <a href="/uzeniny-a-lahudky/uzeniny/sunky">
                                                    Šunky,
                                                </a>

                                                <a href="/uzeniny-a-lahudky/uzeniny/salamy">
                                                    Salámy,
                                                </a>

                                                <a href="/uzeniny-a-lahudky/uzeniny/parky-a-spekacky">
                                                    Párky a špekáčky,
                                                </a>

                                                <a href="/uzeniny-a-lahudky/uzeniny/klobasy">
                                                    Klobásy,
                                                </a>

                                                <a href="/uzeniny-a-lahudky/uzeniny/uzena-masa">
                                                    Uzená  masa,
                                                </a>





                                        <a href="/uzeniny-a-lahudky/uzeniny">...</a>
                                    </div>
                                </div>
                                <div class="product-type">
                                    <a href="/uzeniny-a-lahudky/lahudky" class="product-type-image">
                                        <img data-src="https://cdn.kosik.cz/content/category/svg/menu/1062.svg" alt="Lahůdky">
                                    </a>
                                    <h3>
                                        <a class="children" href="/uzeniny-a-lahudky/lahudky">
                                            Lahůdky
                                        </a>
                                    </h3>

                                                                        <div class="categories-container">

                                                <a href="/uzeniny-a-lahudky/lahudky/hotova-jidla">
                                                    Hotová jídla,
                                                </a>

                                                <a href="/uzeniny-a-lahudky/lahudky/hotova-testa">
                                                    Hotová těsta,
                                                </a>


                                                <a href="/uzeniny-a-lahudky/lahudky/chlazene-pastiky">
                                                    Chlazené paštiky,
                                                </a>


                                                <a href="/uzeniny-a-lahudky/lahudky/rybi-speciality">
                                                    Rybí speciality,
                                                </a>



                                        <a href="/uzeniny-a-lahudky/lahudky">...</a>
                                    </div>
                                </div>
                            </div>
                        </div>
                    </div>
                </li>
                <li class="sub with-children"
                    data-open="false">
                    <a href="/mrazene">
                        Mražené
                    </a>
                        <span class="category-toggle-sub mobile-small-nav-show"
                              onclick="this.parentNode.classList.toggle('open')">
							<i class="fa fa-angle-down" aria-hidden="true"></i>
						</span>
                    <div class="block block-droped-category">
                        <div class="block-droped-category-inner">
                            <div class="category-product-list">

                                                                <div class="product-type">
                                    <a href="/mrazene/hotova-jidla" class="product-type-image">
                                        <img data-src="https://cdn.kosik.cz/content/category/svg/menu/1084.svg" alt="Hotová jídla">
                                    </a>
                                    <h3>
                                        <a class="children" href="/mrazene/hotova-jidla">
                                            Hotová jídla
                                        </a>
                                    </h3>

                                                                        <div class="categories-container">

                                                <a href="/mrazene/hotova-jidla/hlavni-jidla">
                                                    Hlavní jídla,
                                                </a>

                                                <a href="/mrazene/hotova-jidla/bezmasa-jidla">
                                                    Bezmasá jídla,
                                                </a>

                                                <a href="/mrazene/hotova-jidla/pizza">
                                                    Pizza,
                                                </a>

                                                <a href="/mrazene/hotova-jidla/obalovana">
                                                    Obalovaná,
                                                </a>

                                                <a href="/mrazene/hotova-jidla/ostatni">
                                                    Ostatní,
                                                </a>
                                        <a href="/mrazene/hotova-jidla">...</a>
                                    </div>
                                </div>
                                <div class="product-type">
                                    <a href="/mrazene/hranolky-a-krokety" class="product-type-image">
                                        <img data-src="https://cdn.kosik.cz/content/category/svg/menu/1089.svg" alt="Hranolky a krokety">
                                    </a>
                                    <h3>
                                        <a class="children" href="/mrazene/hranolky-a-krokety">
                                            Hranolky a krokety
                                        </a>
                                    </h3>

                                                                        <div class="categories-container">

                                                <a href="/mrazene/hranolky-a-krokety/hranolky">
                                                    Hranolky,
                                                </a>

                                                <a href="/mrazene/hranolky-a-krokety/krokety">
                                                    Krokety,
                                                </a>

                                                <a href="/mrazene/hranolky-a-krokety/zeleninove-hranolky">
                                                    Zeleninové hranolky,
                                                </a>

                                                <a href="/mrazene/hranolky-a-krokety/do-trouby">
                                                    Do trouby,
                                                </a>

                                        <a href="/mrazene/hranolky-a-krokety">...</a>
                                    </div>
                                </div>
                                <div class="product-type">
                                    <a href="/mrazene/zelenina-a-ovoce" class="product-type-image">
                                        <img data-src="https://cdn.kosik.cz/content/category/svg/menu/1097.svg" alt="Zelenina a ovoce">
                                    </a>
                                    <h3>
                                        <a class="children" href="/mrazene/zelenina-a-ovoce">
                                            Zelenina a ovoce
                                        </a>
                                    </h3>

                                                                        <div class="categories-container">

                                                <a href="/mrazene/zelenina-a-ovoce/spenat">
                                                    Špenát,
                                                </a>

                                                <a href="/mrazene/zelenina-a-ovoce/zelenina-jednodruhova">
                                                    Zelenina jednodruhová,
                                                </a>

                                                <a href="/mrazene/zelenina-a-ovoce/zeleninove-smesi">
                                                    Zeleninové směsi,
                                                </a>


                                                <a href="/mrazene/zelenina-a-ovoce/ovocne-smesi">
                                                    Ovocné směsi,
                                                </a>


                                        <a href="/mrazene/zelenina-a-ovoce">...</a>
                                    </div>
                                </div>
                                <div class="product-type">
                                    <a href="/mrazene/mrazene-maso-drubez-a-ryby" class="product-type-image">
                                        <img data-src="https://cdn.kosik.cz/content/category/svg/menu/1091.svg" alt="Mražené maso, drůbež a ryby">
                                    </a>
                                    <h3>
                                        <a class="children" href="/mrazene/mrazene-maso-drubez-a-ryby">
                                            Mražené maso, drůbež a ryby
                                        </a>
                                    </h3>

                                                                        <div class="categories-container">

                                                <a href="/mrazene/mrazene-maso-drubez-a-ryby/mrazena-drubez">
                                                    Mražená drůbež,
                                                </a>

                                                <a href="/mrazene/mrazene-maso-drubez-a-ryby/mrazene-maso">
                                                    Mražené maso,
                                                </a>

                                                <a href="/mrazene/mrazene-maso-drubez-a-ryby/mrazene-ryby">
                                                    Mražené ryby,
                                                </a>

                                        <a href="/mrazene/mrazene-maso-drubez-a-ryby">...</a>
                                    </div>
                                </div>
                                <div class="product-type">
                                    <a href="/mrazene/mrazene-pecivo-a-testo" class="product-type-image">
                                        <img data-src="https://cdn.kosik.cz/content/category/svg/menu/1096.svg" alt="Mražené pečivo a těsto">
                                    </a>
                                    <h3>
                                        <a class="children" href="/mrazene/mrazene-pecivo-a-testo">
                                            Mražené pečivo a těsto
                                        </a>
                                    </h3>

                                                                        <div class="categories-container">

                                                <a href="/mrazene/mrazene-pecivo-a-testo/pecivo-slane">
                                                    Pečivo slané,
                                                </a>

                                                <a href="/mrazene/mrazene-pecivo-a-testo/pecivo-sladke">
                                                    Pečivo sladké,
                                                </a>

                                                <a href="/mrazene/mrazene-pecivo-a-testo/testa">
                                                    Těsta,
                                                </a>
                                        <a href="/mrazene/mrazene-pecivo-a-testo">...</a>
                                    </div>
                                </div>
                                <div class="product-type">
                                    <a href="/mrazene/kolace-a-dorty" class="product-type-image">
                                        <img data-src="https://cdn.kosik.cz/content/category/svg/menu/1090.svg" alt="Koláče a dorty">
                                    </a>
                                    <h3>
                                        <a class="children" href="/mrazene/kolace-a-dorty">
                                            Koláče a dorty
                                        </a>
                                    </h3>

                                                                        <div class="categories-container">

                                                <a href="/mrazene/kolace-a-dorty/tvarohove">
                                                    Tvarohové,
                                                </a>

                                                <a href="/mrazene/kolace-a-dorty/ovocne">
                                                    Ovocné,
                                                </a>

                                                <a href="/mrazene/kolace-a-dorty/cokoladove">
                                                    Čokoládové,
                                                </a>
                                        <a href="/mrazene/kolace-a-dorty">...</a>
                                    </div>
                                </div>
                                <div class="product-type">
                                    <a href="/mrazene/zmrzliny" class="product-type-image">
                                        <img data-src="https://cdn.kosik.cz/content/category/svg/menu/1102.svg" alt="Zmrzliny">
                                    </a>
                                    <h3>
                                        <a class="children" href="/mrazene/zmrzliny">
                                            Zmrzliny
                                        </a>
                                    </h3>

                                                                        <div class="categories-container">

                                                <a href="/mrazene/zmrzliny/nanuky-a-kornouty">
                                                    Nanuky a kornouty,
                                                </a>

                                                <a href="/mrazene/zmrzliny/vanicky">
                                                    Vaničky,
                                                </a>

                                                <a href="/mrazene/zmrzliny/sorbet">
                                                    Sorbet,
                                                </a>
                                        <a href="/mrazene/zmrzliny">...</a>
                                    </div>
                                </div>
                            </div>
                        </div>
                    </div>
                </li>
                <li class="sub with-children"
                    data-open="false">
                    <a href="/napoje">
                        Nápoje
                    </a>
                        <span class="category-toggle-sub mobile-small-nav-show"
                              onclick="this.parentNode.classList.toggle('open')">
							<i class="fa fa-angle-down" aria-hidden="true"></i>
						</span>
                    <div class="block block-droped-category">
                        <div class="block-droped-category-inner">
                            <div class="category-product-list">

                                                                <div class="product-type">
                                    <a href="/napoje/poctive-piti" class="product-type-image">
                                        <img data-src="https://cdn.kosik.cz/content/category/svg/menu/1929.svg" alt="Poctivé pití">
                                    </a>
                                    <h3>
                                        <a class="children" href="/napoje/poctive-piti">
                                            Poctivé pití
                                        </a>
                                    </h3>

                                                                        <div class="categories-container">

                                                <a href="/napoje/poctive-piti/pivo-a-cider">
                                                    Pivo a cider,
                                                </a>

                                                <a href="/napoje/poctive-piti/limonady">
                                                    Limonády,
                                                </a>

                                                <a href="/napoje/poctive-piti/sirupy">
                                                    Sirupy,
                                                </a>

                                                <a href="/napoje/poctive-piti/mosty">
                                                    Mošty,
                                                </a>

                                                <a href="/napoje/poctive-piti/darkova-baleni">
                                                    Dárková balení,
                                                </a>
                                        <a href="/napoje/poctive-piti">...</a>
                                    </div>
                                </div>
                                <div class="product-type">
                                    <a href="/napoje/mineralni-a-pramenite" class="product-type-image">
                                        <img data-src="https://cdn.kosik.cz/content/category/svg/menu/1180.svg" alt="Minerální a pramenité">
                                    </a>
                                    <h3>
                                        <a class="children" href="/napoje/mineralni-a-pramenite">
                                            Minerální a pramenité
                                        </a>
                                    </h3>

                                                                        <div class="categories-container">

                                                <a href="/napoje/mineralni-a-pramenite/mineralni">
                                                    Minerální,
                                                </a>

                                                <a href="/napoje/mineralni-a-pramenite/pramenite">
                                                    Pramenité,
                                                </a>
                                        <a href="/napoje/mineralni-a-pramenite">...</a>
                                    </div>
                                </div>
                                <div class="product-type">
                                    <a href="/napoje/dzusy-a-detske" class="product-type-image">
                                        <img data-src="https://cdn.kosik.cz/content/category/svg/menu/1152.svg" alt="Džusy a dětské">
                                    </a>
                                    <h3>
                                        <a class="children" href="/napoje/dzusy-a-detske">
                                            Džusy a dětské
                                        </a>
                                    </h3>

                                                                        <div class="categories-container">

                                                <a href="/napoje/dzusy-a-detske/100-dzusy">
                                                    100% džusy,
                                                </a>

                                                <a href="/napoje/dzusy-a-detske/cerstve-dzusy">
                                                    Čerstvé džusy,
                                                </a>

                                                <a href="/napoje/dzusy-a-detske/mosty-a-100-stavy">
                                                    Mošty a 100% šťávy,
                                                </a>

                                                <a href="/napoje/dzusy-a-detske/nektary">
                                                    Nektary,
                                                </a>


                                        <a href="/napoje/dzusy-a-detske">...</a>
                                    </div>
                                </div>
                                <div class="product-type">
                                    <a href="/napoje/limonady-a-ledove-caje" class="product-type-image">
                                        <img data-src="https://cdn.kosik.cz/content/category/svg/menu/1171.svg" alt="Limonády a ledové čaje">
                                    </a>
                                    <h3>
                                        <a class="children" href="/napoje/limonady-a-ledove-caje">
                                            Limonády a ledové čaje
                                        </a>
                                    </h3>

                                                                        <div class="categories-container">

                                                <a href="/napoje/limonady-a-ledove-caje/limonady">
                                                    Limonády,
                                                </a>

                                                <a href="/napoje/limonady-a-ledove-caje/ledove-caje">
                                                    Ledové čaje,
                                                </a>
                                        <a href="/napoje/limonady-a-ledove-caje">...</a>
                                    </div>
                                </div>
                                <div class="product-type">
                                    <a href="/napoje/sirupy-a-koncentraty" class="product-type-image">
                                        <img data-src="https://cdn.kosik.cz/content/category/svg/menu/1207.svg" alt="Sirupy a koncentráty">
                                    </a>
                                    <h3>
                                        <a class="children" href="/napoje/sirupy-a-koncentraty">
                                            Sirupy a koncentráty
                                        </a>
                                    </h3>

                                                                        <div class="categories-container">

                                                <a href="/napoje/sirupy-a-koncentraty/sirupy">
                                                    Sirupy,
                                                </a>

                                                <a href="/napoje/sirupy-a-koncentraty/koncentraty">
                                                    Koncentráty,
                                                </a>

                                                <a href="/napoje/sirupy-a-koncentraty/barmanske-sirupy">
                                                    Barmanské sirupy,
                                                </a>
                                        <a href="/napoje/sirupy-a-koncentraty">...</a>
                                    </div>
                                </div>
                                <div class="product-type">
                                    <a href="/napoje/energy-drinky-iontove" class="product-type-image">
                                        <img data-src="https://cdn.kosik.cz/content/category/svg/menu/1159.svg" alt="Energy drinky, iontové">
                                    </a>
                                    <h3>
                                        <a class="children" href="/napoje/energy-drinky-iontove">
                                            Energy drinky, iontové
                                        </a>
                                    </h3>

                                                                    </div>
                                <div class="product-type">
                                    <a href="/napoje/caj-kava-a-ledova-kava" class="product-type-image">
                                        <img data-src="https://cdn.kosik.cz/content/category/svg/menu/1132.svg" alt="Čaj, káva a ledová káva">
                                    </a>
                                    <h3>
                                        <a class="children" href="/napoje/caj-kava-a-ledova-kava">
                                            Čaj, káva a ledová káva
                                        </a>
                                    </h3>

                                                                        <div class="categories-container">

                                                <a href="/napoje/caj-kava-a-ledova-kava/caj">
                                                    Čaj,
                                                </a>

                                                <a href="/napoje/caj-kava-a-ledova-kava/kava">
                                                    Káva,
                                                </a>

                                                <a href="/napoje/caj-kava-a-ledova-kava/ledova-kava">
                                                    Ledová káva,
                                                </a>
                                        <a href="/napoje/caj-kava-a-ledova-kava">...</a>
                                    </div>
                                </div>
                                <div class="product-type">
                                    <a href="/napoje/kakaa-cokolady-a-rozpustne" class="product-type-image">
                                        <img data-src="https://cdn.kosik.cz/content/category/svg/menu/1162.svg" alt="Kakaa, čokolády a rozpustné">
                                    </a>
                                    <h3>
                                        <a class="children" href="/napoje/kakaa-cokolady-a-rozpustne">
                                            Kakaa, čokolády a rozpustné
                                        </a>
                                    </h3>

                                                                        <div class="categories-container">


                                                <a href="/napoje/kakaa-cokolady-a-rozpustne/instantni-napoje">
                                                    Instantní nápoje,
                                                </a>

                                                <a href="/napoje/kakaa-cokolady-a-rozpustne/rozpustne-kavoviny">
                                                    Rozpustné kávoviny,
                                                </a>
                                        <a href="/napoje/kakaa-cokolady-a-rozpustne">...</a>
                                    </div>
                                </div>
                                <div class="product-type">
                                    <a href="/napoje/pivo" class="product-type-image">
                                        <img data-src="https://cdn.kosik.cz/content/category/svg/menu/1188.svg" alt="Pivo">
                                    </a>
                                    <h3>
                                        <a class="children" href="/napoje/pivo">
                                            Pivo
                                        </a>
                                    </h3>

                                                                        <div class="categories-container">

                                                <a href="/napoje/pivo/vycepni">
                                                    Výčepní,
                                                </a>

                                                <a href="/napoje/pivo/lezak">
                                                    Ležák,
                                                </a>

                                                <a href="/napoje/pivo/nealko">
                                                    Nealko,
                                                </a>

                                                <a href="/napoje/pivo/ale">
                                                    Ale,
                                                </a>

                                                <a href="/napoje/pivo/ochucene">
                                                    Ochucené,
                                                </a>

                                                <a href="/napoje/pivo/cider">
                                                    Cider,
                                                </a>

                                                <a href="/napoje/pivo/tmave">
                                                    Tmavé,
                                                </a>

                                                <a href="/napoje/pivo/psenicne">
                                                    Pšeničné,
                                                </a>



                                                <a href="/napoje/pivo/sudove">
                                                    Sudové,
                                                </a>


                                        <a href="/napoje/pivo">...</a>
                                    </div>
                                </div>
                                <div class="product-type">
                                    <a href="/napoje/vina" class="product-type-image">
                                        <img data-src="https://cdn.kosik.cz/content/category/svg/menu/1119.svg" alt="Vína">
                                    </a>
                                    <h3>
                                        <a class="children" href="/napoje/vina">
                                            Vína
                                        </a>
                                    </h3>

                                                                        <div class="categories-container">

                                                <a href="/napoje/vina/bila">
                                                    Bílá,
                                                </a>

                                                <a href="/napoje/vina/cervena">
                                                    Červená,
                                                </a>

                                                <a href="/napoje/vina/ruzova">
                                                    Řůžová,
                                                </a>

                                                <a href="/napoje/vina/sumiva-a-sampanske">
                                                    Šumivá a šampaňské,
                                                </a>
                                        <a href="/napoje/vina">...</a>
                                    </div>
                                </div>
                                <div class="product-type">
                                    <a href="/napoje/lihoviny" class="product-type-image">
                                        <img data-src="https://cdn.kosik.cz/content/category/svg/menu/1108.svg" alt="Lihoviny">
                                    </a>
                                    <h3>
                                        <a class="children" href="/napoje/lihoviny">
                                            Lihoviny
                                        </a>
                                    </h3>

                                                                        <div class="categories-container">

                                                <a href="/napoje/lihoviny/aperitivy">
                                                    Aperitivy,
                                                </a>

                                                <a href="/napoje/lihoviny/brandy-a-konak">
                                                    Brandy a koňak,
                                                </a>

                                                <a href="/napoje/lihoviny/gin-a-absinth">
                                                    Gin a absinth,
                                                </a>

                                                <a href="/napoje/lihoviny/rum">
                                                    Rum,
                                                </a>

                                                <a href="/napoje/lihoviny/vodka">
                                                    Vodka,
                                                </a>

                                                <a href="/napoje/lihoviny/whisky-a-bourbon">
                                                    Whisky a bourbon,
                                                </a>



                                        <a href="/napoje/lihoviny">...</a>
                                    </div>
                                </div>
                            </div>
                        </div>
                    </div>
                </li>
                <li class="sub with-children"
                    data-open="false">
                    <a href="/trvanlive">
                        Trvanlivé
                    </a>
                        <span class="category-toggle-sub mobile-small-nav-show"
                              onclick="this.parentNode.classList.toggle('open')">
							<i class="fa fa-angle-down" aria-hidden="true"></i>
						</span>
                    <div class="block block-droped-category">
                        <div class="block-droped-category-inner">
                            <div class="category-product-list">

                                                                <div class="product-type">
                                    <a href="/trvanlive/ocet-olej-cukr-sul-a-mouka" class="product-type-image">
                                        <img data-src="https://cdn.kosik.cz/content/category/svg/menu/1270.svg" alt="Ocet, olej, cukr, sůl a mouka">
                                    </a>
                                    <h3>
                                        <a class="children" href="/trvanlive/ocet-olej-cukr-sul-a-mouka">
                                            Ocet, olej, cukr, sůl a mouka
                                        </a>
                                    </h3>

                                                                        <div class="categories-container">

                                                <a href="/trvanlive/ocet-olej-cukr-sul-a-mouka/mouka">
                                                    Mouka,
                                                </a>

                                                <a href="/trvanlive/ocet-olej-cukr-sul-a-mouka/ocet">
                                                    Ocet,
                                                </a>

                                                <a href="/trvanlive/ocet-olej-cukr-sul-a-mouka/olej">
                                                    Olej,
                                                </a>

                                                <a href="/trvanlive/ocet-olej-cukr-sul-a-mouka/cukr">
                                                    Cukr,
                                                </a>

                                                <a href="/trvanlive/ocet-olej-cukr-sul-a-mouka/sul">
                                                    Sůl,
                                                </a>
                                        <a href="/trvanlive/ocet-olej-cukr-sul-a-mouka">...</a>
                                    </div>
                                </div>
                                <div class="product-type">
                                    <a href="/trvanlive/sladkosti" class="product-type-image">
                                        <img data-src="https://cdn.kosik.cz/content/category/svg/menu/1326.svg" alt="Sladkosti">
                                    </a>
                                    <h3>
                                        <a class="children" href="/trvanlive/sladkosti">
                                            Sladkosti
                                        </a>
                                    </h3>

                                                                        <div class="categories-container">

                                                <a href="/trvanlive/sladkosti/tabulkove-cokolady">
                                                    Tabulkové čokolády,
                                                </a>

                                                <a href="/trvanlive/sladkosti/cokoladove-tycinky">
                                                    Čokoládové tyčinky,
                                                </a>

                                                <a href="/trvanlive/sladkosti/bonboniery">
                                                    Bonboniéry,
                                                </a>




                                        <a href="/trvanlive/sladkosti">...</a>
                                    </div>
                                </div>
                                <div class="product-type">
                                    <a href="/trvanlive/ryze-lusteniny-testoviny-a-soja" class="product-type-image">
                                        <img data-src="https://cdn.kosik.cz/content/category/svg/menu/1295.svg" alt="Rýže, luštěniny, těstoviny a sója">
                                    </a>
                                    <h3>
                                        <a class="children" href="/trvanlive/ryze-lusteniny-testoviny-a-soja">
                                            Rýže, luštěniny, těstoviny a sója
                                        </a>
                                    </h3>

                                                                        <div class="categories-container">

                                                <a href="/trvanlive/ryze-lusteniny-testoviny-a-soja/ryze">
                                                    Rýže,
                                                </a>

                                                <a href="/trvanlive/ryze-lusteniny-testoviny-a-soja/lusteniny">
                                                    Luštěniny,
                                                </a>

                                                <a href="/trvanlive/ryze-lusteniny-testoviny-a-soja/testoviny">
                                                    Těstoviny,
                                                </a>
                                        <a href="/trvanlive/ryze-lusteniny-testoviny-a-soja">...</a>
                                    </div>
                                </div>
                                <div class="product-type">
                                    <a href="/trvanlive/slane" class="product-type-image">
                                        <img data-src="https://cdn.kosik.cz/content/category/svg/menu/1319.svg" alt="Slané">
                                    </a>
                                    <h3>
                                        <a class="children" href="/trvanlive/slane">
                                            Slané
                                        </a>
                                    </h3>

                                                                        <div class="categories-container">

                                                <a href="/trvanlive/slane/chipsy">
                                                    Chipsy,
                                                </a>

                                                <a href="/trvanlive/slane/krekry">
                                                    Krekry,
                                                </a>

                                                <a href="/trvanlive/slane/orisky-a-popcorn">
                                                    Oříšky a popcorn,
                                                </a>

                                                <a href="/trvanlive/slane/snacky">
                                                    Snacky,
                                                </a>
                                        <a href="/trvanlive/slane">...</a>
                                    </div>
                                </div>
                                <div class="product-type">
                                    <a href="/trvanlive/kecupy-horcice-kreny-a-protlaky" class="product-type-image">
                                        <img data-src="https://cdn.kosik.cz/content/category/svg/menu/1233.svg" alt="Kečupy, hořčice, křeny a protlaky">
                                    </a>
                                    <h3>
                                        <a class="children" href="/trvanlive/kecupy-horcice-kreny-a-protlaky">
                                            Kečupy, hořčice, křeny a protlaky
                                        </a>
                                    </h3>

                                                                        <div class="categories-container">

                                                <a href="/trvanlive/kecupy-horcice-kreny-a-protlaky/kecupy">
                                                    Kečupy,
                                                </a>

                                                <a href="/trvanlive/kecupy-horcice-kreny-a-protlaky/horcice">
                                                    Hořčice,
                                                </a>

                                                <a href="/trvanlive/kecupy-horcice-kreny-a-protlaky/kreny">
                                                    Křeny,
                                                </a>

                                                <a href="/trvanlive/kecupy-horcice-kreny-a-protlaky/protlaky">
                                                    Protlaky,
                                                </a>
                                        <a href="/trvanlive/kecupy-horcice-kreny-a-protlaky">...</a>
                                    </div>
                                </div>
                                <div class="product-type">
                                    <a href="/trvanlive/konzervovane-potraviny" class="product-type-image">
                                        <img data-src="https://cdn.kosik.cz/content/category/svg/menu/1238.svg" alt="Konzervované potraviny">
                                    </a>
                                    <h3>
                                        <a class="children" href="/trvanlive/konzervovane-potraviny">
                                            Konzervované potraviny
                                        </a>
                                    </h3>

                                                                        <div class="categories-container">

                                                <a href="/trvanlive/konzervovane-potraviny/zelenina">
                                                    Zelenina,
                                                </a>

                                                <a href="/trvanlive/konzervovane-potraviny/ovoce">
                                                    Ovoce,
                                                </a>

                                                <a href="/trvanlive/konzervovane-potraviny/maso-a-hotova-jidla">
                                                    Maso a hotová jídla,
                                                </a>

                                                <a href="/trvanlive/konzervovane-potraviny/pastiky">
                                                    Paštiky,
                                                </a>

                                                <a href="/trvanlive/konzervovane-potraviny/pomazanky">
                                                    Pomazánky,
                                                </a>

                                                <a href="/trvanlive/konzervovane-potraviny/ryby">
                                                    Ryby,
                                                </a>
                                        <a href="/trvanlive/konzervovane-potraviny">...</a>
                                    </div>
                                </div>
                                <div class="product-type">
                                    <a href="/trvanlive/mikulas-a-vanoce" class="product-type-image">
                                        <img data-src="https://cdn.kosik.cz/content/category/svg/menu/1318.svg" alt="Mikuláš a Vánoce">
                                    </a>
                                    <h3>
                                        <a class="children" href="/trvanlive/mikulas-a-vanoce">
                                            Mikuláš a Vánoce
                                        </a>
                                    </h3>

                                                                        <div class="categories-container">

                                                <a href="/trvanlive/mikulas-a-vanoce/vanocni-kolekce">
                                                    Vánoční kolekce,
                                                </a>

                                                <a href="/trvanlive/mikulas-a-vanoce/adventni-kalendare">
                                                    Adventní kalendáře,
                                                </a>

                                                <a href="/trvanlive/mikulas-a-vanoce/bonbony-a-cokolady">
                                                    Bonbóny a čokolády,
                                                </a>

                                        <a href="/trvanlive/mikulas-a-vanoce">...</a>
                                    </div>
                                </div>
                                <div class="product-type">
                                    <a href="/trvanlive/koreni-bujony-ochucovadla" class="product-type-image">
                                        <img data-src="https://cdn.kosik.cz/content/category/svg/menu/1266.svg" alt="Koření, bujóny, ochucovadla">
                                    </a>
                                    <h3>
                                        <a class="children" href="/trvanlive/koreni-bujony-ochucovadla">
                                            Koření, bujóny, ochucovadla
                                        </a>
                                    </h3>

                                                                        <div class="categories-container">

                                                <a href="/trvanlive/koreni-bujony-ochucovadla/koreni">
                                                    Koření,
                                                </a>

                                                <a href="/trvanlive/koreni-bujony-ochucovadla/bujony">
                                                    Bujóny,
                                                </a>

                                                <a href="/trvanlive/koreni-bujony-ochucovadla/ochucovadla">
                                                    Ochucovadla,
                                                </a>
                                        <a href="/trvanlive/koreni-bujony-ochucovadla">...</a>
                                    </div>
                                </div>
                                <div class="product-type">
                                    <a href="/trvanlive/prisady-na-vareni-a-peceni" class="product-type-image">
                                        <img data-src="https://cdn.kosik.cz/content/category/svg/menu/1280.svg" alt="Přísady na vaření a pečení">
                                    </a>
                                    <h3>
                                        <a class="children" href="/trvanlive/prisady-na-vareni-a-peceni">
                                            Přísady na vaření a pečení
                                        </a>
                                    </h3>

                                                                        <div class="categories-container">

                                                <a href="/trvanlive/prisady-na-vareni-a-peceni/prisady-na-peceni">
                                                    Přísady na pečení,
                                                </a>

                                                <a href="/trvanlive/prisady-na-vareni-a-peceni/omacky-v-prasku">
                                                    Omáčky v prášku,
                                                </a>

                                                <a href="/trvanlive/prisady-na-vareni-a-peceni/sladke-smesi">
                                                    Sladké směsi,
                                                </a>

                                                <a href="/trvanlive/prisady-na-vareni-a-peceni/pudinky">
                                                    Pudinky,
                                                </a>




                                        <a href="/trvanlive/prisady-na-vareni-a-peceni">...</a>
                                    </div>
                                </div>
                                <div class="product-type">
                                    <a href="/trvanlive/superfood" class="product-type-image">
                                        <img data-src="https://cdn.kosik.cz/content/category/svg/menu/1313.svg" alt="Superfood">
                                    </a>
                                    <h3>
                                        <a class="children" href="/trvanlive/superfood">
                                            Superfood
                                        </a>
                                    </h3>

                                                                        <div class="categories-container">

                                                <a href="/trvanlive/superfood/snidanove-smesi">
                                                    Snídaňové směsi,
                                                </a>


                                        <a href="/trvanlive/superfood">...</a>
                                    </div>
                                </div>
                                <div class="product-type">
                                    <a href="/trvanlive/dresingy-a-omacky" class="product-type-image">
                                        <img data-src="https://cdn.kosik.cz/content/category/svg/menu/1222.svg" alt="Dresingy a omáčky">
                                    </a>
                                    <h3>
                                        <a class="children" href="/trvanlive/dresingy-a-omacky">
                                            Dresingy a omáčky
                                        </a>
                                    </h3>

                                                                        <div class="categories-container">

                                                <a href="/trvanlive/dresingy-a-omacky/dresingy">
                                                    Dresingy,
                                                </a>

                                                <a href="/trvanlive/dresingy-a-omacky/omacky">
                                                    Omáčky,
                                                </a>
                                        <a href="/trvanlive/dresingy-a-omacky">...</a>
                                    </div>
                                </div>
                                <div class="product-type">
                                    <a href="/trvanlive/cerealie-a-musli" class="product-type-image">
                                        <img data-src="https://cdn.kosik.cz/content/category/svg/menu/1212.svg" alt="Cereálie a musli">
                                    </a>
                                    <h3>
                                        <a class="children" href="/trvanlive/cerealie-a-musli">
                                            Cereálie a musli
                                        </a>
                                    </h3>

                                                                        <div class="categories-container">


                                                <a href="/trvanlive/cerealie-a-musli/musli-a-ovesne-kase">
                                                    Musli a ovesné kaše,
                                                </a>

                                                <a href="/trvanlive/cerealie-a-musli/tycinky">
                                                    Tyčinky,
                                                </a>
                                        <a href="/trvanlive/cerealie-a-musli">...</a>
                                    </div>
                                </div>
                                <div class="product-type">
                                    <a href="/trvanlive/dzemy-medy-a-cokokremy" class="product-type-image">
                                        <img data-src="https://cdn.kosik.cz/content/category/svg/menu/1225.svg" alt="Džemy, medy a čokokrémy">
                                    </a>
                                    <h3>
                                        <a class="children" href="/trvanlive/dzemy-medy-a-cokokremy">
                                            Džemy, medy a čokokrémy
                                        </a>
                                    </h3>

                                                                        <div class="categories-container">

                                                <a href="/trvanlive/dzemy-medy-a-cokokremy/dzemy">
                                                    Džemy,
                                                </a>

                                                <a href="/trvanlive/dzemy-medy-a-cokokremy/medy">
                                                    Medy,
                                                </a>

                                                <a href="/trvanlive/dzemy-medy-a-cokokremy/cokokremy">
                                                    Čokokrémy,
                                                </a>

                                                <a href="/trvanlive/dzemy-medy-a-cokokremy/burakove-maslo">
                                                    Burákové máslo,
                                                </a>
                                        <a href="/trvanlive/dzemy-medy-a-cokokremy">...</a>
                                    </div>
                                </div>
                                <div class="product-type">
                                    <a href="/trvanlive/instantni-jidla-a-polevky" class="product-type-image">
                                        <img data-src="https://cdn.kosik.cz/content/category/svg/menu/1230.svg" alt="Instantní jídla a polévky">
                                    </a>
                                    <h3>
                                        <a class="children" href="/trvanlive/instantni-jidla-a-polevky">
                                            Instantní jídla a polévky
                                        </a>
                                    </h3>

                                                                        <div class="categories-container">

                                                <a href="/trvanlive/instantni-jidla-a-polevky/instantni-jidla">
                                                    Instantní jídla,
                                                </a>

                                                <a href="/trvanlive/instantni-jidla-a-polevky/instantni-polevky">
                                                    Instantní polévky,
                                                </a>
                                        <a href="/trvanlive/instantni-jidla-a-polevky">...</a>
                                    </div>
                                </div>
                                <div class="product-type">
                                    <a href="/trvanlive/mezinarodni-kuchyne" class="product-type-image">
                                        <img data-src="https://cdn.kosik.cz/content/category/svg/menu/1261.svg" alt="Mezinárodní kuchyně">
                                    </a>
                                    <h3>
                                        <a class="children" href="/trvanlive/mezinarodni-kuchyne">
                                            Mezinárodní kuchyně
                                        </a>
                                    </h3>

                                                                        <div class="categories-container">

                                                <a href="/trvanlive/mezinarodni-kuchyne/asijska">
                                                    Asijská,
                                                </a>

                                                <a href="/trvanlive/mezinarodni-kuchyne/mexicka">
                                                    Mexická,
                                                </a>

                                                <a href="/trvanlive/mezinarodni-kuchyne/stredomorska">
                                                    Středomořská,
                                                </a>

                                                <a href="/trvanlive/mezinarodni-kuchyne/thajska">
                                                    Thajská,
                                                </a>
                                        <a href="/trvanlive/mezinarodni-kuchyne">...</a>
                                    </div>
                                </div>
                            </div>
                        </div>
                    </div>
                </li>
                <li class="sub with-children"
                    data-open="false">
                    <a href="/mazlicci">
                        Mazlíčci
                    </a>
                        <span class="category-toggle-sub mobile-small-nav-show"
                              onclick="this.parentNode.classList.toggle('open')">
							<i class="fa fa-angle-down" aria-hidden="true"></i>
						</span>
                    <div class="block block-droped-category">
                        <div class="block-droped-category-inner">
                            <div class="category-product-list">

                                                                <div class="product-type">
                                    <a href="/mazlicci/kocky" class="product-type-image">
                                        <img data-src="https://cdn.kosik.cz/content/category/svg/menu/1579.svg" alt="Kočky">
                                    </a>
                                    <h3>
                                        <a class="children" href="/mazlicci/kocky">
                                            Kočky
                                        </a>
                                    </h3>

                                                                        <div class="categories-container">


                                                <a href="/mazlicci/kocky/konzervy-pro-kocky">
                                                    Konzervy pro kočky,
                                                </a>

                                                <a href="/mazlicci/kocky/kapsicky-pro-kocky">
                                                    Kapsičky pro kočky,
                                                </a>


                                                <a href="/mazlicci/kocky/hracky-pro-kocky">
                                                    Hračky pro kočky,
                                                </a>

                                                <a href="/mazlicci/kocky/steliva">
                                                    Steliva,
                                                </a>
                                        <a href="/mazlicci/kocky">...</a>
                                    </div>
                                </div>
                                <div class="product-type">
                                    <a href="/mazlicci/psi" class="product-type-image">
                                        <img data-src="https://cdn.kosik.cz/content/category/svg/menu/1580.svg" alt="Psi">
                                    </a>
                                    <h3>
                                        <a class="children" href="/mazlicci/psi">
                                            Psi
                                        </a>
                                    </h3>

                                                                        <div class="categories-container">

                                                <a href="/mazlicci/psi/granule-a-smesi-pro-psy">
                                                    Granule a směsi pro psy,
                                                </a>

                                                <a href="/mazlicci/psi/konzervy-pro-psy">
                                                    Konzervy pro psy,
                                                </a>


                                                <a href="/mazlicci/psi/hracky-a-pleny-pro-psy">
                                                    Hračky a pleny pro psy,
                                                </a>

                                        <a href="/mazlicci/psi">...</a>
                                    </div>
                                </div>
                                <div class="product-type">
                                    <a href="/mazlicci/hlodavci" class="product-type-image">
                                        <img data-src="https://cdn.kosik.cz/content/category/svg/menu/1364.svg" alt="Hlodavci">
                                    </a>
                                    <h3>
                                        <a class="children" href="/mazlicci/hlodavci">
                                            Hlodavci
                                        </a>
                                    </h3>

                                                                        <div class="categories-container">

                                                <a href="/mazlicci/hlodavci/krmiva">
                                                    Krmiva,
                                                </a>

                                                <a href="/mazlicci/hlodavci/steliva">
                                                    Steliva,
                                                </a>
                                        <a href="/mazlicci/hlodavci">...</a>
                                    </div>
                                </div>
                                <div class="product-type">
                                    <a href="/mazlicci/ptactvo" class="product-type-image">
                                        <img data-src="https://cdn.kosik.cz/content/category/svg/menu/1367.svg" alt="Ptactvo">
                                    </a>
                                    <h3>
                                        <a class="children" href="/mazlicci/ptactvo">
                                            Ptactvo
                                        </a>
                                    </h3>

                                                                    </div>
                            </div>
                        </div>
                    </div>
                </li>
                <li class="sub with-children"
                    data-open="false">
                    <a href="/deti">
                        Děti
                    </a>
                        <span class="category-toggle-sub mobile-small-nav-show"
                              onclick="this.parentNode.classList.toggle('open')">
							<i class="fa fa-angle-down" aria-hidden="true"></i>
						</span>
                    <div class="block block-droped-category">
                        <div class="block-droped-category-inner">
                            <div class="category-product-list">

                                                                <div class="product-type">
                                    <a href="/deti/detska-kosmetika" class="product-type-image">
                                        <img data-src="https://cdn.kosik.cz/content/category/svg/menu/1370.svg" alt="Dětská kosmetika">
                                    </a>
                                    <h3>
                                        <a class="children" href="/deti/detska-kosmetika">
                                            Dětská kosmetika
                                        </a>
                                    </h3>

                                                                        <div class="categories-container">


                                                <a href="/deti/detska-kosmetika/detske-kremy-a-oleje">
                                                    Dětské krémy a oleje,
                                                </a>


                                                <a href="/deti/detska-kosmetika/zubni-hygiena">
                                                    Zubní hygiena,
                                                </a>
                                        <a href="/deti/detska-kosmetika">...</a>
                                    </div>
                                </div>
                                <div class="product-type">
                                    <a href="/deti/jednorazove-pleny" class="product-type-image">
                                        <img data-src="https://cdn.kosik.cz/content/category/svg/menu/1592.svg" alt="Jednorázové pleny">
                                    </a>
                                    <h3>
                                        <a class="children" href="/deti/jednorazove-pleny">
                                            Jednorázové pleny
                                        </a>
                                    </h3>

                                                                        <div class="categories-container">

                                                <a href="/deti/jednorazove-pleny/velikost-1">
                                                    Velikost 1,
                                                </a>

                                                <a href="/deti/jednorazove-pleny/velikost-2">
                                                    Velikost 2,
                                                </a>

                                                <a href="/deti/jednorazove-pleny/velikost-3">
                                                    Velikost 3,
                                                </a>

                                                <a href="/deti/jednorazove-pleny/velikost-4">
                                                    Velikost 4,
                                                </a>

                                                <a href="/deti/jednorazove-pleny/velikost-5">
                                                    Velikost 5,
                                                </a>

                                                <a href="/deti/jednorazove-pleny/velikost-6">
                                                    Velikost 6,
                                                </a>
                                        <a href="/deti/jednorazove-pleny">...</a>
                                    </div>
                                </div>
                                <div class="product-type">
                                    <a href="/deti/eko" class="product-type-image">
                                        <img data-src="https://cdn.kosik.cz/content/category/svg/menu/1599.svg" alt="Eko">
                                    </a>
                                    <h3>
                                        <a class="children" href="/deti/eko">
                                            Eko
                                        </a>
                                    </h3>

                                                                        <div class="categories-container">

                                                <a href="/deti/eko/bio-pleny">
                                                    bio pleny,
                                                </a>
                                        <a href="/deti/eko">...</a>
                                    </div>
                                </div>
                                <div class="product-type">
                                    <a href="/deti/latkove-pleny" class="product-type-image">
                                        <img data-src="https://cdn.kosik.cz/content/category/svg/menu/1607.svg" alt="Látkové pleny">
                                    </a>
                                    <h3>
                                        <a class="children" href="/deti/latkove-pleny">
                                            Látkové pleny
                                        </a>
                                    </h3>

                                                                    </div>
                                <div class="product-type">
                                    <a href="/deti/prebalovaci-podlozky-a-vlhcene-ubrousky" class="product-type-image">
                                        <img data-src="https://cdn.kosik.cz/content/category/svg/menu/1608.svg" alt="Přebalovací podložky a vlhčené ubrousky">
                                    </a>
                                    <h3>
                                        <a class="children" href="/deti/prebalovaci-podlozky-a-vlhcene-ubrousky">
                                            Přebalovací podložky a vlhčené ubrousky
                                        </a>
                                    </h3>

                                                                    </div>
                                <div class="product-type">
                                    <a href="/deti/kojenecke-mleko-a-vyziva" class="product-type-image">
                                        <img data-src="https://cdn.kosik.cz/content/category/svg/menu/1609.svg" alt="Kojenecké mléko a výživa">
                                    </a>
                                    <h3>
                                        <a class="children" href="/deti/kojenecke-mleko-a-vyziva">
                                            Kojenecké mléko a výživa
                                        </a>
                                    </h3>

                                                                        <div class="categories-container">

                                                <a href="/deti/kojenecke-mleko-a-vyziva/bio-vyziva">
                                                    BIO výživa,
                                                </a>

                                                <a href="/deti/kojenecke-mleko-a-vyziva/kojenecka-mleka">
                                                    Kojenecká mléka,
                                                </a>

                                                <a href="/deti/kojenecke-mleko-a-vyziva/detske-kase">
                                                    Dětské kaše,
                                                </a>

                                                <a href="/deti/kojenecke-mleko-a-vyziva/kojenecke-prikrmy">
                                                    Kojenecké příkrmy,
                                                </a>

                                        <a href="/deti/kojenecke-mleko-a-vyziva">...</a>
                                    </div>
                                </div>
                                <div class="product-type">
                                    <a href="/deti/kojenecke-vody-a-napoje" class="product-type-image">
                                        <img data-src="https://cdn.kosik.cz/content/category/svg/menu/1619.svg" alt="Kojenecké vody a nápoje">
                                    </a>
                                    <h3>
                                        <a class="children" href="/deti/kojenecke-vody-a-napoje">
                                            Kojenecké vody a nápoje
                                        </a>
                                    </h3>

                                                                        <div class="categories-container">

                                                <a href="/deti/kojenecke-vody-a-napoje/vody">
                                                    Vody,
                                                </a>

                                                <a href="/deti/kojenecke-vody-a-napoje/caje">
                                                    Čaje,
                                                </a>

                                                <a href="/deti/kojenecke-vody-a-napoje/stavy">
                                                    Šťávy,
                                                </a>
                                        <a href="/deti/kojenecke-vody-a-napoje">...</a>
                                    </div>
                                </div>
                                <div class="product-type">
                                    <a href="/deti/hracky" class="product-type-image">
                                        <img data-src="https://cdn.kosik.cz/content/category/svg/menu/1373.svg" alt="Hračky">
                                    </a>
                                    <h3>
                                        <a class="children" href="/deti/hracky">
                                            Hračky
                                        </a>
                                    </h3>

                                                                        <div class="categories-container">

                                                <a href="/deti/hracky/hracky-pro-nejmensi">
                                                    Hračky pro nejmenší,
                                                </a>

                                        <a href="/deti/hracky">...</a>
                                    </div>
                                </div>
                                <div class="product-type">
                                    <a href="/deti/hry" class="product-type-image">
                                        <img data-src="https://cdn.kosik.cz/content/category/svg/menu/1376.svg" alt="Hry">
                                    </a>
                                    <h3>
                                        <a class="children" href="/deti/hry">
                                            Hry
                                        </a>
                                    </h3>

                                                                    </div>
                                <div class="product-type">
                                    <a href="/deti/kojenecke-potreby" class="product-type-image">
                                        <img data-src="https://cdn.kosik.cz/content/category/svg/menu/1377.svg" alt="Kojenecké potřeby">
                                    </a>
                                    <h3>
                                        <a class="children" href="/deti/kojenecke-potreby">
                                            Kojenecké potřeby
                                        </a>
                                    </h3>

                                                                        <div class="categories-container">

                                                <a href="/deti/kojenecke-potreby/lahve-a-dudliky">
                                                    Láhve a dudlíky,
                                                </a>

                                                <a href="/deti/kojenecke-potreby/potreby-na-kocarek">
                                                    Potřeby na kočárek,
                                                </a>

                                                <a href="/deti/kojenecke-potreby/osusky-a-bryndacky">
                                                    Osušky a bryndáčky,
                                                </a>

                                        <a href="/deti/kojenecke-potreby">...</a>
                                    </div>
                                </div>
                                <div class="product-type">
                                    <a href="/deti/tehotenstvi-kojeni" class="product-type-image">
                                        <img data-src="https://cdn.kosik.cz/content/category/svg/menu/1382.svg" alt="Těhotenství, kojení">
                                    </a>
                                    <h3>
                                        <a class="children" href="/deti/tehotenstvi-kojeni">
                                            Těhotenství, kojení
                                        </a>
                                    </h3>

                                                                        <div class="categories-container">

                                                <a href="/deti/tehotenstvi-kojeni/vyziva">
                                                    Výživa,
                                                </a>

                                                <a href="/deti/tehotenstvi-kojeni/napoje-pro-maminky">
                                                    Nápoje pro maminky,
                                                </a>

                                        <a href="/deti/tehotenstvi-kojeni">...</a>
                                    </div>
                                </div>
                                <div class="product-type">
                                    <a href="/deti/potreby-pro-skolaky" class="product-type-image">
                                        <img data-src="https://cdn.kosik.cz/content/category/svg/menu/1386.svg" alt="Potřeby pro školáky">
                                    </a>
                                    <h3>
                                        <a class="children" href="/deti/potreby-pro-skolaky">
                                            Potřeby pro školáky
                                        </a>
                                    </h3>

                                                                        <div class="categories-container">

                                                <a href="/deti/potreby-pro-skolaky/psaci-potreby">
                                                    Psací potřeby,
                                                </a>

                                                <a href="/deti/potreby-pro-skolaky/vytvarne-potreby">
                                                    Výtvarné potřeby,
                                                </a>

                                                <a href="/deti/potreby-pro-skolaky/sacky-na-backurky">
                                                    Sáčky na bačkůrky,
                                                </a>
                                        <a href="/deti/potreby-pro-skolaky">...</a>
                                    </div>
                                </div>
                            </div>
                        </div>
                    </div>
                </li>
                <li class="sub with-children"
                    data-open="false">
                    <a href="/domacnost-a-zahrada">
                        Domácnost a zahrada
                    </a>
                        <span class="category-toggle-sub mobile-small-nav-show"
                              onclick="this.parentNode.classList.toggle('open')">
							<i class="fa fa-angle-down" aria-hidden="true"></i>
						</span>
                    <div class="block block-droped-category">
                        <div class="block-droped-category-inner">
                            <div class="category-product-list">

                                                                <div class="product-type">
                                    <a href="/domacnost-a-zahrada/kuchyne" class="product-type-image">
                                        <img data-src="https://cdn.kosik.cz/content/category/svg/menu/1391.svg" alt="Kuchyně">
                                    </a>
                                    <h3>
                                        <a class="children" href="/domacnost-a-zahrada/kuchyne">
                                            Kuchyně
                                        </a>
                                    </h3>

                                                                        <div class="categories-container">

                                                <a href="/domacnost-a-zahrada/kuchyne/pytle-do-kosu-a-kose">
                                                    Pytle do košů a koše,
                                                </a>

                                                <a href="/domacnost-a-zahrada/kuchyne/stolovani">
                                                    Stolování,
                                                </a>

                                                <a href="/domacnost-a-zahrada/kuchyne/kuchynske-potreby">
                                                    Kuchyňské potřeby,
                                                </a>

                                        <a href="/domacnost-a-zahrada/kuchyne">...</a>
                                    </div>
                                </div>
                                <div class="product-type">
                                    <a href="/domacnost-a-zahrada/vanoce-sezonni-dekorace" class="product-type-image">
                                        <img data-src="https://cdn.kosik.cz/content/category/svg/menu/1451.svg" alt="Vánoce - sezonní dekorace">
                                    </a>
                                    <h3>
                                        <a class="children" href="/domacnost-a-zahrada/vanoce-sezonni-dekorace">
                                            Vánoce - sezonní dekorace
                                        </a>
                                    </h3>

                                                                    </div>
                                <div class="product-type">
                                    <a href="/domacnost-a-zahrada/dum-a-byt" class="product-type-image">
                                        <img data-src="https://cdn.kosik.cz/content/category/svg/menu/1405.svg" alt="Dům a byt">
                                    </a>
                                    <h3>
                                        <a class="children" href="/domacnost-a-zahrada/dum-a-byt">
                                            Dům a byt
                                        </a>
                                    </h3>

                                                                        <div class="categories-container">

                                                <a href="/domacnost-a-zahrada/dum-a-byt/pomucky-k-uklidu">
                                                    Pomůcky k úklidu,
                                                </a>

                                                <a href="/domacnost-a-zahrada/dum-a-byt/domaci-textil">
                                                    Domácí textil,
                                                </a>


                                                <a href="/domacnost-a-zahrada/dum-a-byt/svicky-a-vune">
                                                    Svíčky a vůně,
                                                </a>


                                                <a href="/domacnost-a-zahrada/dum-a-byt/pece-o-obuv">
                                                    Péče o obuv,
                                                </a>

                                        <a href="/domacnost-a-zahrada/dum-a-byt">...</a>
                                    </div>
                                </div>
                                <div class="product-type">
                                    <a href="/domacnost-a-zahrada/kucharky" class="product-type-image">
                                        <img data-src="https://cdn.kosik.cz/content/category/svg/menu/1438.svg" alt="Kuchařky">
                                    </a>
                                    <h3>
                                        <a class="children" href="/domacnost-a-zahrada/kucharky">
                                            Kuchařky
                                        </a>
                                    </h3>

                                                                    </div>
                                <div class="product-type">
                                    <a href="/domacnost-a-zahrada/zahrada" class="product-type-image">
                                        <img data-src="https://cdn.kosik.cz/content/category/svg/menu/1427.svg" alt="Zahrada">
                                    </a>
                                    <h3>
                                        <a class="children" href="/domacnost-a-zahrada/zahrada">
                                            Zahrada
                                        </a>
                                    </h3>

                                                                        <div class="categories-container">



                                                <a href="/domacnost-a-zahrada/zahrada/semena">
                                                    Semena,
                                                </a>

                                                <a href="/domacnost-a-zahrada/zahrada/doplnky">
                                                    Doplňky,
                                                </a>

                                                <a href="/domacnost-a-zahrada/zahrada/bazenova-chemie">
                                                    Bazénová chemie,
                                                </a>
                                        <a href="/domacnost-a-zahrada/zahrada">...</a>
                                    </div>
                                </div>
                                <div class="product-type">
                                    <a href="/domacnost-a-zahrada/grilovani" class="product-type-image">
                                        <img data-src="https://cdn.kosik.cz/content/category/svg/menu/1439.svg" alt="Grilování">
                                    </a>
                                    <h3>
                                        <a class="children" href="/domacnost-a-zahrada/grilovani">
                                            Grilování
                                        </a>
                                    </h3>

                                                                        <div class="categories-container">

                                                <a href="/domacnost-a-zahrada/grilovani/grily">
                                                    Grily,
                                                </a>


                                        <a href="/domacnost-a-zahrada/grilovani">...</a>
                                    </div>
                                </div>
                                <div class="product-type">
                                    <a href="/domacnost-a-zahrada/kancelar" class="product-type-image">
                                        <img data-src="https://cdn.kosik.cz/content/category/svg/menu/1393.svg" alt="Kancelář">
                                    </a>
                                    <h3>
                                        <a class="children" href="/domacnost-a-zahrada/kancelar">
                                            Kancelář
                                        </a>
                                    </h3>

                                                                        <div class="categories-container">

                                                <a href="/domacnost-a-zahrada/kancelar/kancelarske-potreby">
                                                    Kancelářské potřeby,
                                                </a>

                                                <a href="/domacnost-a-zahrada/kancelar/papirnictvi">
                                                    Papírnictví,
                                                </a>

                                                <a href="/domacnost-a-zahrada/kancelar/trideni-archivace">
                                                    Třídění, archivace,
                                                </a>
                                        <a href="/domacnost-a-zahrada/kancelar">...</a>
                                    </div>
                                </div>
                                <div class="product-type">
                                    <a href="/domacnost-a-zahrada/lekarna" class="product-type-image">
                                        <img data-src="https://cdn.kosik.cz/content/category/svg/menu/1398.svg" alt="Lékárna">
                                    </a>
                                    <h3>
                                        <a class="children" href="/domacnost-a-zahrada/lekarna">
                                            Lékárna
                                        </a>
                                    </h3>

                                                                        <div class="categories-container">

                                                <a href="/domacnost-a-zahrada/lekarna/vyziva-a-hubnuti">
                                                    Výživa a hubnutí,
                                                </a>


                                                <a href="/domacnost-a-zahrada/lekarna/vyziva-pro-sportovce">
                                                    Výživa pro sportovce,
                                                </a>

                                                <a href="/domacnost-a-zahrada/lekarna/myti-bez-vody">
                                                    Mytí bez vody,
                                                </a>




                                        <a href="/domacnost-a-zahrada/lekarna">...</a>
                                    </div>
                                </div>
                                <div class="product-type">
                                    <a href="/domacnost-a-zahrada/fitness" class="product-type-image">
                                        <img data-src="https://cdn.kosik.cz/content/category/svg/menu/1403.svg" alt="Fitness">
                                    </a>
                                    <h3>
                                        <a class="children" href="/domacnost-a-zahrada/fitness">
                                            Fitness
                                        </a>
                                    </h3>

                                                                        <div class="categories-container">

                                                <a href="/domacnost-a-zahrada/fitness/sportovni-vyziva">
                                                    Sportovní výživa,
                                                </a>
                                        <a href="/domacnost-a-zahrada/fitness">...</a>
                                    </div>
                                </div>
                            </div>
                        </div>
                    </div>
                </li>
                <li class="sub with-children"
                    data-open="false">
                    <a href="/drogerie">
                        Drogerie
                    </a>
                        <span class="category-toggle-sub mobile-small-nav-show"
                              onclick="this.parentNode.classList.toggle('open')">
							<i class="fa fa-angle-down" aria-hidden="true"></i>
						</span>
                    <div class="block block-droped-category">
                        <div class="block-droped-category-inner">
                            <div class="category-product-list">

                                                                <div class="product-type">
                                    <a href="/drogerie/pece-o-telo" class="product-type-image">
                                        <img data-src="https://cdn.kosik.cz/content/category/svg/menu/1531.svg" alt="Péče o tělo">
                                    </a>
                                    <h3>
                                        <a class="children" href="/drogerie/pece-o-telo">
                                            Péče o tělo
                                        </a>
                                    </h3>

                                                                        <div class="categories-container">

                                                <a href="/drogerie/pece-o-telo/telova-mleka-a-kremy">
                                                    Tělová mléka a krémy,
                                                </a>

                                                <a href="/drogerie/pece-o-telo/pece-o-ruce">
                                                    Péče o ruce,
                                                </a>

                                                <a href="/drogerie/pece-o-telo/pece-o-nohy">
                                                    Péče o nohy,
                                                </a>


                                                <a href="/drogerie/pece-o-telo/repelenty">
                                                    Repelenty,
                                                </a>
                                        <a href="/drogerie/pece-o-telo">...</a>
                                    </div>
                                </div>
                                <div class="product-type">
                                    <a href="/drogerie/darkove-sady" class="product-type-image">
                                        <img data-src="https://cdn.kosik.cz/content/category/svg/menu/1571.svg" alt="Dárkové sady">
                                    </a>
                                    <h3>
                                        <a class="children" href="/drogerie/darkove-sady">
                                            Dárkové sady
                                        </a>
                                    </h3>

                                                                        <div class="categories-container">

                                                <a href="/drogerie/darkove-sady/pro-zeny">
                                                    Pro ženy,
                                                </a>

                                                <a href="/drogerie/darkove-sady/pro-muze">
                                                    Pro muže,
                                                </a>

                                                <a href="/drogerie/darkove-sady/pro-deti">
                                                    Pro děti,
                                                </a>

                                                <a href="/drogerie/darkove-sady/unisex">
                                                    Unisex,
                                                </a>
                                        <a href="/drogerie/darkove-sady">...</a>
                                    </div>
                                </div>
                                <div class="product-type">
                                    <a href="/drogerie/praci-prostredky" class="product-type-image">
                                        <img data-src="https://cdn.kosik.cz/content/category/svg/menu/1456.svg" alt="Prací prostředky">
                                    </a>
                                    <h3>
                                        <a class="children" href="/drogerie/praci-prostredky">
                                            Prací prostředky
                                        </a>
                                    </h3>

                                                                        <div class="categories-container">

                                                <a href="/drogerie/praci-prostredky/prasky">
                                                    Prášky,
                                                </a>

                                                <a href="/drogerie/praci-prostredky/gely">
                                                    Gely,
                                                </a>

                                                <a href="/drogerie/praci-prostredky/kapsle">
                                                    Kapsle,
                                                </a>

                                                <a href="/drogerie/praci-prostredky/avivaze">
                                                    Aviváže,
                                                </a>

                                                <a href="/drogerie/praci-prostredky/detske-prani">
                                                    Dětské praní,
                                                </a>

                                                <a href="/drogerie/praci-prostredky/odstranovace-skvrn">
                                                    Odstraňovače skvrn,
                                                </a>
                                        <a href="/drogerie/praci-prostredky">...</a>
                                    </div>
                                </div>
                                <div class="product-type">
                                    <a href="/drogerie/cistici-prostredky" class="product-type-image">
                                        <img data-src="https://cdn.kosik.cz/content/category/svg/menu/1464.svg" alt="Čistící prostředky">
                                    </a>
                                    <h3>
                                        <a class="children" href="/drogerie/cistici-prostredky">
                                            Čistící prostředky
                                        </a>
                                    </h3>

                                                                        <div class="categories-container">

                                                <a href="/drogerie/cistici-prostredky/koupelna">
                                                    Koupelna,
                                                </a>

                                                <a href="/drogerie/cistici-prostredky/kuchyn">
                                                    Kuchyň,
                                                </a>

                                                <a href="/drogerie/cistici-prostredky/toaleta">
                                                    Toaleta,
                                                </a>

                                                <a href="/drogerie/cistici-prostredky/podlahy-a-koberce">
                                                    Podlahy a koberce,
                                                </a>

                                                <a href="/drogerie/cistici-prostredky/okna">
                                                    Okna,
                                                </a>

                                                <a href="/drogerie/cistici-prostredky/nabytek">
                                                    Nábytek,
                                                </a>

                                                <a href="/drogerie/cistici-prostredky/univerzalni">
                                                    Univerzální,
                                                </a>



                                        <a href="/drogerie/cistici-prostredky">...</a>
                                    </div>
                                </div>
                                <div class="product-type">
                                    <a href="/drogerie/myti-nadobi" class="product-type-image">
                                        <img data-src="https://cdn.kosik.cz/content/category/svg/menu/1551.svg" alt="Mytí nádobí">
                                    </a>
                                    <h3>
                                        <a class="children" href="/drogerie/myti-nadobi">
                                            Mytí nádobí
                                        </a>
                                    </h3>

                                                                        <div class="categories-container">

                                                <a href="/drogerie/myti-nadobi/prostredky-do-mycky">
                                                    Prostředky do myčky,
                                                </a>

                                                <a href="/drogerie/myti-nadobi/rucni-myti">
                                                    Ruční mytí,
                                                </a>

                                                <a href="/drogerie/myti-nadobi/hadriky-a-houbicky">
                                                    Hadříky a houbičky,
                                                </a>
                                        <a href="/drogerie/myti-nadobi">...</a>
                                    </div>
                                </div>
                                <div class="product-type">
                                    <a href="/drogerie/toaletni-papir-kapesniky-kuchynske-uterky" class="product-type-image">
                                        <img data-src="https://cdn.kosik.cz/content/category/svg/menu/1561.svg" alt="Toaletní papír, kapesníky, kuchyňské utěrky">
                                    </a>
                                    <h3>
                                        <a class="children" href="/drogerie/toaletni-papir-kapesniky-kuchynske-uterky">
                                            Toaletní papír, kapesníky, kuchyňské utěrky
                                        </a>
                                    </h3>

                                                                        <div class="categories-container">

                                                <a href="/drogerie/toaletni-papir-kapesniky-kuchynske-uterky/toaletni-papiry">
                                                    Toaletní papíry,
                                                </a>

                                                <a href="/drogerie/toaletni-papir-kapesniky-kuchynske-uterky/kapesniky">
                                                    Kapesníky,
                                                </a>

                                                <a href="/drogerie/toaletni-papir-kapesniky-kuchynske-uterky/kuchynske-uterky">
                                                    Kuchyňské utěrky,
                                                </a>
                                        <a href="/drogerie/toaletni-papir-kapesniky-kuchynske-uterky">...</a>
                                    </div>
                                </div>
                                <div class="product-type">
                                    <a href="/drogerie/sprchove-gely-mydla-peny" class="product-type-image">
                                        <img data-src="https://cdn.kosik.cz/content/category/svg/menu/1514.svg" alt="Sprchové gely, mýdla, pěny">
                                    </a>
                                    <h3>
                                        <a class="children" href="/drogerie/sprchove-gely-mydla-peny">
                                            Sprchové gely, mýdla, pěny
                                        </a>
                                    </h3>

                                                                        <div class="categories-container">

                                                <a href="/drogerie/sprchove-gely-mydla-peny/sprchove-gely">
                                                    Sprchové gely,
                                                </a>

                                                <a href="/drogerie/sprchove-gely-mydla-peny/mydla">
                                                    Mýdla,
                                                </a>

                                                <a href="/drogerie/sprchove-gely-mydla-peny/peny-a-oleje-do-koupele">
                                                    Pěny a oleje do koupele,
                                                </a>
                                        <a href="/drogerie/sprchove-gely-mydla-peny">...</a>
                                    </div>
                                </div>
                                <div class="product-type">
                                    <a href="/drogerie/pece-o-vlasy" class="product-type-image">
                                        <img data-src="https://cdn.kosik.cz/content/category/svg/menu/1523.svg" alt="Péče o vlasy">
                                    </a>
                                    <h3>
                                        <a class="children" href="/drogerie/pece-o-vlasy">
                                            Péče o vlasy
                                        </a>
                                    </h3>

                                                                        <div class="categories-container">

                                                <a href="/drogerie/pece-o-vlasy/sampony">
                                                    Šampony,
                                                </a>

                                                <a href="/drogerie/pece-o-vlasy/kondicionery">
                                                    Kondicionéry,
                                                </a>

                                                <a href="/drogerie/pece-o-vlasy/laky">
                                                    Laky,
                                                </a>

                                                <a href="/drogerie/pece-o-vlasy/tuzidla">
                                                    Tužidla,
                                                </a>

                                                <a href="/drogerie/pece-o-vlasy/gely">
                                                    Gely,
                                                </a>

                                                <a href="/drogerie/pece-o-vlasy/barvy-na-vlasy">
                                                    Barvy na vlasy,
                                                </a>
                                        <a href="/drogerie/pece-o-vlasy">...</a>
                                    </div>
                                </div>
                                <div class="product-type">
                                    <a href="/drogerie/pece-o-plet" class="product-type-image">
                                        <img data-src="https://cdn.kosik.cz/content/category/svg/menu/1541.svg" alt="Péče o pleť">
                                    </a>
                                    <h3>
                                        <a class="children" href="/drogerie/pece-o-plet">
                                            Péče o pleť
                                        </a>
                                    </h3>

                                                                        <div class="categories-container">

                                                <a href="/drogerie/pece-o-plet/pletove-kremy">
                                                    Pleťové krémy,
                                                </a>

                                                <a href="/drogerie/pece-o-plet/odlicovani">
                                                    Odličování,
                                                </a>

                                                <a href="/drogerie/pece-o-plet/masky-a-peelingy">
                                                    Masky a peelingy,
                                                </a>

                                                <a href="/drogerie/pece-o-plet/pece-o-rty">
                                                    Péče o rty,
                                                </a>

                                        <a href="/drogerie/pece-o-plet">...</a>
                                    </div>
                                </div>
                                <div class="product-type">
                                    <a href="/drogerie/ustni-hygiena" class="product-type-image">
                                        <img data-src="https://cdn.kosik.cz/content/category/svg/menu/1502.svg" alt="Ústní hygiena">
                                    </a>
                                    <h3>
                                        <a class="children" href="/drogerie/ustni-hygiena">
                                            Ústní hygiena
                                        </a>
                                    </h3>

                                                                        <div class="categories-container">

                                                <a href="/drogerie/ustni-hygiena/zubni-pasty">
                                                    Zubní pasty,
                                                </a>

                                                <a href="/drogerie/ustni-hygiena/zubni-kartacky">
                                                    Zubní kartáčky,
                                                </a>

                                                <a href="/drogerie/ustni-hygiena/ustni-vody">
                                                    Ústní vody,
                                                </a>

                                                <a href="/drogerie/ustni-hygiena/mezizubni-pece">
                                                    Mezizubní péče,
                                                </a>

                                        <a href="/drogerie/ustni-hygiena">...</a>
                                    </div>
                                </div>
                                <div class="product-type">
                                    <a href="/drogerie/deodoranty-a-antiperspiranty" class="product-type-image">
                                        <img data-src="https://cdn.kosik.cz/content/category/svg/menu/1477.svg" alt="Deodoranty a antiperspiranty">
                                    </a>
                                    <h3>
                                        <a class="children" href="/drogerie/deodoranty-a-antiperspiranty">
                                            Deodoranty a antiperspiranty
                                        </a>
                                    </h3>

                                                                        <div class="categories-container">

                                                <a href="/drogerie/deodoranty-a-antiperspiranty/damske">
                                                    Dámské,
                                                </a>

                                                <a href="/drogerie/deodoranty-a-antiperspiranty/panske">
                                                    Pánské,
                                                </a>
                                        <a href="/drogerie/deodoranty-a-antiperspiranty">...</a>
                                    </div>
                                </div>
                                <div class="product-type">
                                    <a href="/drogerie/holeni-a-epilace" class="product-type-image">
                                        <img data-src="https://cdn.kosik.cz/content/category/svg/menu/1493.svg" alt="Holení a epilace">
                                    </a>
                                    <h3>
                                        <a class="children" href="/drogerie/holeni-a-epilace">
                                            Holení a epilace
                                        </a>
                                    </h3>

                                                                        <div class="categories-container">

                                                <a href="/drogerie/holeni-a-epilace/damske">
                                                    Dámské,
                                                </a>

                                                <a href="/drogerie/holeni-a-epilace/panske">
                                                    Pánské,
                                                </a>
                                        <a href="/drogerie/holeni-a-epilace">...</a>
                                    </div>
                                </div>
                                <div class="product-type">
                                    <a href="/drogerie/damska-hygiena" class="product-type-image">
                                        <img data-src="https://cdn.kosik.cz/content/category/svg/menu/1508.svg" alt="Dámská hygiena">
                                    </a>
                                    <h3>
                                        <a class="children" href="/drogerie/damska-hygiena">
                                            Dámská hygiena
                                        </a>
                                    </h3>

                                                                        <div class="categories-container">

                                                <a href="/drogerie/damska-hygiena/vlozky">
                                                    Vložky,
                                                </a>

                                                <a href="/drogerie/damska-hygiena/tampony">
                                                    Tampóny,
                                                </a>

                                                <a href="/drogerie/damska-hygiena/intimni-hygiena">
                                                    Intimní hygiena,
                                                </a>
                                        <a href="/drogerie/damska-hygiena">...</a>
                                    </div>
                                </div>
                                <div class="product-type">
                                    <a href="/drogerie/eko-drogerie-a-kosmetika" class="product-type-image">
                                        <img data-src="https://cdn.kosik.cz/content/category/svg/menu/1488.svg" alt="Eko drogerie a kosmetika">
                                    </a>
                                    <h3>
                                        <a class="children" href="/drogerie/eko-drogerie-a-kosmetika">
                                            Eko drogerie a kosmetika
                                        </a>
                                    </h3>

                                                                        <div class="categories-container">

                                                <a href="/drogerie/eko-drogerie-a-kosmetika/prani">
                                                    Praní,
                                                </a>

                                                <a href="/drogerie/eko-drogerie-a-kosmetika/myti-nadobi">
                                                    Mytí nádobí,
                                                </a>

                                                <a href="/drogerie/eko-drogerie-a-kosmetika/cistici-prostredky">
                                                    Čistící prostředky,
                                                </a>

                                                <a href="/drogerie/eko-drogerie-a-kosmetika/prirodni-kosmetika">
                                                    Přírodní kosmetika,
                                                </a>
                                        <a href="/drogerie/eko-drogerie-a-kosmetika">...</a>
                                    </div>
                                </div>
                                <div class="product-type">
                                    <a href="/drogerie/pece-o-zdravi" class="product-type-image">
                                        <img data-src="https://cdn.kosik.cz/content/category/svg/menu/1565.svg" alt="Péče o zdraví">
                                    </a>
                                    <h3>
                                        <a class="children" href="/drogerie/pece-o-zdravi">
                                            Péče o zdraví
                                        </a>
                                    </h3>

                                                                        <div class="categories-container">

                                                <a href="/drogerie/pece-o-zdravi/intimni-chvile">
                                                    Intimní chvíle,
                                                </a>

                                                <a href="/drogerie/pece-o-zdravi/masazni-emulze">
                                                    Masážní emulze,
                                                </a>

                                                <a href="/drogerie/pece-o-zdravi/pece-o-telo-a-vlasy">
                                                    Péče o tělo a vlasy,
                                                </a>
                                        <a href="/drogerie/pece-o-zdravi">...</a>
                                    </div>
                                </div>
                            </div>
                        </div>
                    </div>
                </li>
                <li class="sub with-children"
                    data-open="false">
                    <a href="/trafika">
                        Trafika
                    </a>
                        <span class="category-toggle-sub mobile-small-nav-show"
                              onclick="this.parentNode.classList.toggle('open')">
							<i class="fa fa-angle-down" aria-hidden="true"></i>
						</span>
                    <div class="block block-droped-category">
                        <div class="block-droped-category-inner">
                            <div class="category-product-list">

                                                                <div class="product-type">
                                    <a href="/trafika/cigarety-a-tabak" class="product-type-image">
                                        <img data-src="https://cdn.kosik.cz/content/category/svg/menu/1578.svg" alt="Cigarety a tabák">
                                    </a>
                                    <h3>
                                        <a class="children" href="/trafika/cigarety-a-tabak">
                                            Cigarety a tabák
                                        </a>
                                    </h3>

                                                                    </div>
                            </div>
                        </div>
                    </div>
                </li>


        </ul>
    </div>
</div>

<script type="text/javascript">
    $(function() {
        $('.christmas-link').on('click', function () {
            if (window.innerWidth < 1025) {
                var mobileMenu = $('#big-menu');
                mobileMenu.toggleClass('open');
                basic.toggleClass((document.querySelector('body')), 'open-menu');
            }
            $('html, body').animate({
                scrollTop: $('#christmas-inspiration').offset().top - 100
            }, 2000);
            return false;
        });

    });
</script>

						<div
								class="region region-delivery-cart" id="fixed-menu">
							<div class="region-inner region-delivery-cart-inner">
								<div id="snippet--orderSlotPreviewArea">
<script>
    $(document).ready(function(){
        var nearest = $('.block-nearest-delivery');

        if(nearest.hasClass('unloaded')){
            $.nette.ajax("\/?do=orderSlotPreview-load").done(function(){
                nearest.removeClass('unloaded')
            });
        }
    })
</script>
<div class="block block-nearest-delivery unloaded" id="snippet-orderSlotPreview-slots">
        <span class="noslot">Nejbližší termín dodání se dozvíte v <strong>průběhu objednávání</strong>. Momentálně jsme zaneprázdněni vyřizováním objednávek ostatních zákazníků.</span>
</div>
								</div>

								<div class="block-cart-dropdown" id="snippet--cartPreview">
<div class="cart-fixing-box">
	<a href="javaScript:void(0);" onclick="fixing.openBox(&quot;\/?do=cartPreview-showCart&quot;)" id="cart-open-button" aria-hidden="true">
		<i class="fa fa-angle-down" aria-hidden="true"></i>
		<p class="units-in-cart">
			<span class="show-cart-text" data-visible="Obchod" data-hide="Zobrazit">
					Zobrazit
			</span>
			<span class="total-items-incart" id="snippet-cartPreview-totalItems"><span class="accessible">Počet položek v košíku: </span>0</span>
		</p>
	</a>
		<a class="open-cart button-simple button-red blur-modal-overlay kosik-modal-open" data-target="login-modal">
			Pokladna
		</a>
	<p class="cart-price button-simple button-green" id="snippet-cartPreview-totalPriceArea">
		<strong class="price">0,00 Kč</strong>
	</p>
</div>
<div class="cart-box fixed-top" id="cart-detail-preview">
<div id="snippet-cartPreview-cartBox"><div id="snippet-cartPreview-detail-">	<div class="cart-item-list-overlay">
		<div id="cart-items-list" class="cart-items-list min">
			<div class="cart-items-scroller">
				<h4 class="accessible">Položky v košíku</h2>
				<div class="cart-is-empty">
										Košík máte prázdný,<br>vraťte se <a href="javascript:void(0);" onclick="fixing.openBox('\/?do=cartPreview-showCart')">do obchodu</a>.
									</div>
			</div>
		</div>
<div id="snippet-cartPreview-detail-finalPrice">				<div class="make-order" id="make-order-button">
					<div class="cart-minimal">
						<p>
								Minimální cena objednávky je <b class="no-break"><strong class="price">500,00 Kč</strong></b> Kč
								<br>
								Přidejte zboží ještě alespoň za <em class="no-break"><strong class="price">500,00 Kč</strong></em>
						</p>
					</div>

						<a class="button button-red blur-modal-overlay kosik-modal-open" data-target="login-modal">
							Koupit za  0 Kč
						</a>
				</div>
			<script>
				$(document).ready(function(){
					$('.cart-control-delete, .cart-item-delete').click(function(){
						$(this).closest('li').addClass('hidden-product');
					});
				});
			</script>
</div>	</div>
	<script async>
		basic.documentReady(function () {

			if (window.innerWidth > 1024) {
				$('#delete-cart-items').on('click', function (e) {
					var message = confirm('Opravdu chcete vyprázdnit váš košík?')

					if (!message)
						e.preventDefault();
					else
						$.nette.ajax(this.dataset.href);
				});
			}
		});
	</script>
</div></div></div>
<script async>
	basic.documentReady(function(){
		fixing.init();
	});

	$(document).ajaxComplete(function(){
		fixing.reinitElements(true);
	});
</script>
								</div>
							</div>
						</div>
<div id="snippet-pASystem-"></div>					</div>

					<div class="region region-breadcrumb">
						<div class="region-inner region-breadcrumb-inner">
						</div>
					</div>

				</div>
			</div>
		</header>

		<div class="mainOuter">
			<script>
	$(document).ready(function(){
		extension.slider.init(document.getElementById('kosik-slider'));
	});
</script>
<div class="region region-homepage-slider">
	<div id="kosik-slider" class="loading">
		<ul class="kosik-slides">
			<li class="active">
				<a href="https://www.kosik.cz/produkty-v-akci" title="Hvězdy týdne" data-id="330" data-name="Hvězdy týdne" data-position="1">
					<img src="https://cdn.kosik.cz/content/slide/jpg/default/330.jpg" alt="Hvězdy týdne">
				</a>
			</li>
			<li >
				<a href="https://www.kosik.cz/hledat?q=HaagenDazs" title="Häagen-Dazs" data-id="341" data-name="Häagen-Dazs" data-position="2">
					<img src="https://cdn.kosik.cz/content/slide/jpg/default/341.jpg" alt="Häagen-Dazs">
				</a>
			</li>
			<li >
				<a href="https://www.kosik.cz/hledat?q=Ochutnejte+sushi" title="Sushi" data-id="335" data-name="Sushi" data-position="3">
					<img src="https://cdn.kosik.cz/content/slide/jpg/default/335.jpg" alt="Sushi">
				</a>
			</li>
			<li >
				<a href="https://www.kosik.cz/informace-o-rozvozu-a-cenach" title="Doprava o vánocích" data-id="340" data-name="Doprava o vánocích" data-position="4">
					<img src="https://cdn.kosik.cz/content/slide/jpg/default/340.jpg" alt="Doprava o vánocích">
				</a>
			</li>
		</ul>
		<div class="kosik-slide-pagination-wrapper">
			<ul class="kosik-slide-pagination">
				<li class="active" data-position="1" data-title="Hvězdy týdne">
					<a href="https://www.kosik.cz/produkty-v-akci">
						Hvězdy týdne
					</a>
				</li>
				<li  data-position="2" data-title="Häagen-Dazs">
					<a href="https://www.kosik.cz/hledat?q=HaagenDazs">
						Häagen-Dazs
					</a>
				</li>
				<li  data-position="3" data-title="Sushi">
					<a href="https://www.kosik.cz/hledat?q=Ochutnejte+sushi">
						Sushi
					</a>
				</li>
				<li  data-position="4" data-title="Doprava o vánocích">
					<a href="https://www.kosik.cz/informace-o-rozvozu-a-cenach">
						Doprava o vánocích
					</a>
				</li>
			</ul>
		</div>
	</div>
</div>
<div class="zone-wrapper zone-header-image-mobile clearfix">
		<a href="https://www.kosik.cz/produkty-v-akci">
			<img src="https://cdn.kosik.cz/content/slide-mobile/jpg/default/330.jpg" title="Hvězdy týdne">
		</a>
		<a href="https://www.kosik.cz/hledat?q=HaagenDazs">
			<img src="https://cdn.kosik.cz/content/slide-mobile/jpg/default/341.jpg" title="Häagen-Dazs">
		</a>
		<a href="https://www.kosik.cz/hledat?q=Ochutnejte+sushi">
			<img src="https://cdn.kosik.cz/content/slide-mobile/jpg/default/335.jpg" title="Sushi">
		</a>
		<a href="https://www.kosik.cz/informace-o-rozvozu-a-cenach">
			<img src="https://cdn.kosik.cz/content/slide-mobile/jpg/default/340.jpg" title="Doprava o vánocích">
		</a>
</div>

<script>
	dataLayer.push({
		'event': 'ec.event',
		'eAction': 'Zobrazení banneru',
		'eNonInteractionHit': true,
		'ecommerce': {
			'promoView': {
				'promotions': [
					{
						'id': 330,
						'name': "Hvězdy týdne",
						'creative': 'Carusel hlavní stránka',
						'position': 1
					},
					{
						'id': 341,
						'name': "Häagen-Dazs",
						'creative': 'Carusel hlavní stránka',
						'position': 2
					},
					{
						'id': 335,
						'name': "Sushi",
						'creative': 'Carusel hlavní stránka',
						'position': 3
					},
					{
						'id': 340,
						'name': "Doprava o vánocích",
						'creative': 'Carusel hlavní stránka',
						'position': 4
					}
				]
			}
		}
	});
</script>

<script type="text/javascript">
	$(document).ready(function () {
		$('.zone-header-image-mobile').slick({
			dots: false,
			infinite: true,
			slidesToShow: 1,
			speed: 300
		});
	});
</script>

		</div>

		<div class="zone-wrapper zone-main-wrapper clearfix" role="main">
			<a name="maincontent" id="maincontent" aria-hidden="true"></a>
<style>
	.hp-brand-carousel-title{
		display: block !important;
	}
</style>
	<div class="zone zone-main zone-homepage clearfix">

		<div class="region region-third region-first-delivery-gift">
			<div class="region-inner">
				<div class="block block-first">
					<h4>Nakupujete poprvé?</h4>
					<span>Všechny informace<br>na jednom místě</span>
					<a class="button-simple button-white" href="/vitejte">PRVNÍ NÁKUP</a>
					<img class="customer-recomendation" src="svg/customer-recomendation.svg" alt="Facebook hodnocení 4,8 hvězdiček">
				</div>

<div class="block element-delivery-box block-finder">
	<div class="element-delivery-box">
		<h4>Kam vám nákup dovezeme?</h4>
		<span>Zadejte PSČ pro ověření dostupnosti služby <br>na vaší adrese</span>
<div id="snippet-deliveryAreaChecker-deliverabilityBlock">			<form action="/" method="post" class="ajax" id="frm-deliveryAreaChecker-form">
				<div class="element-delivery-finder">
					<div class="element-delivery-suggester" id="snippet-geoCoding-suggester">
						<input type="text" name="location" placeholder="Zadejte PSČ" id="frm-deliveryAreaChecker-form-location">
					</div>
					<div class="" id="snippet-geoCoding-button">
						<input type="submit" name="send" value="Ověřit" class="button-verify button-simple button-white">
					</div>
				</div>
				<div class="element-delivey-message">
				</div>
				<div class="element-delivery-result" id="snippet-geoCoding-result">
				</div>
			<input type="hidden" name="do" value="deliveryAreaChecker-form-submit"><!--[if IE]><input type=IEbug disabled style="display:none"><![endif]-->
</form>

</div>	</div>
</div>

				<div class="block block-gift">
					<h4>Dárek na první nákup</h4>
					<span>Registrujte se hned teď a využijte dopravu zdarma na váš první nákup</span>
						<a href="javascript:void(0)" data-target="login-modal" class="log-in blur-modal-overlay kosik-modal-open button-simple button-white">REGISTROVAT</a>
					<div class="skew-delivery"><img src="svg/skew-free-delivery.svg" alt=""></div>

				</div>
			</div>

		</div>


		<div class="region region-thematic-week" style="background-image: url('/css/images/tmp/christmas-menu/hp/hp-pozadi.png'); margin-bottom: 40px;">
			<div class="region-inner">
				<div class="block block-product product-item">
					<div class="product-bg">
						<div class="product-item-image">
							<a data-href="/?id=50178&amp;do=modal" data-target="farm-productModal" onclick="kosikAjax.click(this)" class="product-name modal-link" aria-hidden="true">
								<img src="/css/images/tmp/christmas-menu/hp/50178.png" alt="">
							</a>
						</div>
						<div class="product-item-info">
							<h5>
								<a href="javascript:void(0)" aria-label="Aplica Katčino máslové vánoční cukroví 500g" data-href="/?id=50178&amp;do=modal" data-target="farm-productModal" onclick="kosikAjax.click(this)" class="product-name modal-link">
									Aplica Katčino máslové vánoční cukroví 500g
								</a>
							</h5>
							<p class="product-item-price">
								<strong class="price">199 Kč</strong>
							</p>
							<div id="snippet-productList-buy-50178-quantity">
								<div class="product-quantity-control">
									<form action="/mrazene" method="post" class="ajax" id="frm-productList-buy-50178-quantityForm">
										<input type="text" name="quantity" size="3" id="frm-productList-buy-50178-quantityForm-quantity" data-nette-rules="" value="1" aria-label="počet k přidání">
										<input type="submit" name="_submit" value="Přidat" class="product-quantity-control-submit plus" aria-label="přidat počet do košíku">
										<input type="hidden" name="do" value="productList-buy-50178-quantityForm-submit"><!--[if IE]><input type=IEbug disabled style="display:none"><![endif]-->
									</form>
								</div>
							</div>
						</div>
					</div>
				</div>
				<div class="white-separator"></div>
				<div class="block block-product product-item">
					<div class="product-bg">
						<div class="product-item-image">
							<a data-href="/?id=50535&amp;do=modal" data-target="farm-productModal" onclick="kosikAjax.click(this)" class="product-name modal-link" aria-hidden="true">
								<img src="/css/images/tmp/christmas-menu/hp/50535.png" alt="">
							</a>
						</div>
						<div class="product-item-info">
							<h5>
								<a href="javascript:void(0)" aria-label="IQejce Chytrá vejce s jódem M 3+1 zdarma (24 + 8 vajec) 32ks" data-href="/?id=50535&amp;do=modal" data-target="farm-productModal" onclick="kosikAjax.click(this)" class="product-name modal-link">
									IQejce Chytrá vejce s jódem M 3+1 zdarma (24 + 8 vajec) 32ks
								</a>
							</h5>
							<p class="product-item-price">
								<strong class="price">168 Kč</strong>
							</p>
							<div id="snippet-productList-buy-50535-quantity">
								<div class="product-quantity-control">
									<form action="/mrazene" method="post" class="ajax" id="frm-productList-buy-50535-quantityForm">
										<input type="text" name="quantity" size="3" id="frm-productList-buy-50535-quantityForm-quantity" data-nette-rules="" value="1" aria-label="počet k přidání">
										<input type="submit" name="_submit" value="Přidat" class="product-quantity-control-submit plus" aria-label="přidat počet do košíku">
										<input type="hidden" name="do" value="productList-buy-50535-quantityForm-submit"><!--[if IE]><input type=IEbug disabled style="display:none"><![endif]-->
									</form>
								</div>
							</div>
						</div>
					</div>
				</div>
				<div class="white-separator"></div>

				<div class="block block-theme">
					<a class="block-theme-link" href="/svatecni-tabule">
						<h3><span class="theme-name">SVáTEčNí TABULE</span></h3>
						<div class="theme-description">
							<span class="multiple-line-space">
								<span>Nejkrásnější sváteční momenty vznikají u společného stolu.<br>Pojďte se inspirovat.</span>
							</span>
						</div>
						<a class="button-simple button-red button-smaller" aria-hidden="true" href="/svatecni-tabule">Prohlédnout</a>
					</a>
				</div>
			</div>
		</div>

		<div class="region region-half region-loyalty-week-offer clearfix">
			<div class="region-inner">
				<div class="block">
					<div class="loyalty-carousel">
						<div class="loyalty-offer">
							<div class="offer-content">
								<h3>Věrnostní program</h3>
								<div class="offer-text">
									<h4>Sencor Smoothie mixér SBL 2300</h4>
									<strong>za senzačních <span class="text-red">399 Kč</span></strong>
									<p><small>(původní cena 999 Kč)</small></p>
								</div>
								<a class="button-simple button-red" aria-label="Věrnostní program" href="/vernostni-program">Do programu</a>
							</div>
							<img src="/css/images/loyalty/smoothie_mixer.jpg" class="offer-image" alt="">
						</div>
						<div class="loyalty-offer">
							<div class="offer-content">
								<h3>Věrnostní program</h3>
								<div class="offer-text">
									Vařte chytře jako Jamie<br>
									<strong>za senzačních <span class="text-red">249&nbsp;Kč</span></strong>
									<p><small>(původní cena 649 Kč)</small></p>
								</div>
								<a class="button-simple button-red" aria-label="Věrnostní program" href="/vernostni-program">Do programu</a>
							</div>
							<img src="/css/images/loyalty/8596088292809.jpg" class="offer-image" alt="">
						</div>
						<div class="loyalty-offer">
							<div class="offer-content">
								<h3>Věrnostní program</h3>
								<div class="offer-text">
									Catler Odšťavňovač JE 4010<br>
									<strong>za senzačních <span class="text-red">1 990&nbsp;Kč</span></strong>
									<p><small>(původní cena 5 990 Kč)</small></p>
								</div>
								<a class="button-simple button-red" aria-label="Věrnostní program" href="/vernostni-program">Do programu</a>
							</div>
							<img src="/css/images/loyalty/8590669072309.jpg" class="offer-image" alt="">
						</div>
						<div class="loyalty-offer">
							<div class="offer-content">
								<h3>Věrnostní program</h3>
								<div class="offer-text">
									Fieldmann AKU šroubovák FDS 10101-A<br>
									<strong>za senzačních <span class="text-red">149 Kč</span></strong>
									<p><small>(původní cena 599 Kč)</small></p>
								</div>
								<a class="button-simple button-red" aria-label="Věrnostní program" href="/vernostni-program">Do programu</a>
							</div>
							<img src="/css/images/loyalty/8590669196845.jpg" class="offer-image" alt="">
						</div>
					</div>
					<div class="loyalty-account">
							<span class="can-buy">V nabídce máme <a aria-label="Věrnostní produkty" href="/vernostni-program"><strong>14 produktů</strong></a></span>
					</div>
				</div>
				<!-- TODO change place according to customers place selected, default prague location -->
	<div class="block week-offer-carousel">
						<div class="week-offer">
							<div class="week-top">
								<div class="offer-content">
									<div class="text-wrapper">
									<h3>Nabídka týdne</h3>

									<div class="offer-text">IQejce Chytrá vejce s jódem M 3+1 zdarma (24 + 8 vajec) 32ks</div>

									<a href="/produkt/50535" class="button-simple button-red" aria-label="Detail produktu">Koupit</a>
									<div class="offer-price">
										<span>
											<span class="old-price"><strong class="price">239,00 Kč</strong></span>
										</span>
										<span class="actual-price"><strong class="price">168,00 Kč</strong></span>
									</div>
									</div>
								</div>
								<img src="https://cdn.kosik.cz/content/product-weekoffer/jpg/default/empty.jpg"
									data-src="https://cdn.kosik.cz/content/product-weekoffer/jpg/default/68051.jpg"
									alt="IQejce Chytrá vejce s jódem M 3+1 zdarma (24 + 8 vajec) 32ks"
								 class="loading-images offer-image">
							</div>
							<div class="week-bottom">
								<span class="sale-label"><span class="percents">30<small>&#37;</small></span> sleva</span>
									<div class="time-label">Zbývá pouze <strong>3 dny</strong></div>
							</div>
						</div>
						<div class="week-offer">
							<div class="week-top">
								<div class="offer-content">
									<div class="text-wrapper">
									<h3>Nabídka týdne</h3>

									<div class="offer-text">Häagen-Dazs Čokoládový mražený krém smetanový s belgickou čokoládou 500ml</div>

									<a href="/produkt/11236" class="button-simple button-red" aria-label="Detail produktu">Koupit</a>
									<div class="offer-price">
										<span>
											<span class="old-price"><strong class="price">169,00 Kč</strong></span>
										</span>
										<span class="actual-price"><strong class="price">99,90 Kč</strong></span>
									</div>
									</div>
								</div>
								<img src="https://cdn.kosik.cz/content/product-weekoffer/jpg/default/empty.jpg"
									data-src="https://cdn.kosik.cz/content/product-weekoffer/jpg/default/28760.jpg"
									alt="Häagen-Dazs Čokoládový mražený krém smetanový s belgickou čokoládou 500ml"
								 class="loading-images offer-image">
							</div>
							<div class="week-bottom">
								<span class="sale-label"><span class="percents">41<small>&#37;</small></span> sleva</span>
									<div class="time-label">Zbývá pouze <strong>3 dny</strong></div>
							</div>
						</div>
						<div class="week-offer">
							<div class="week-top">
								<div class="offer-content">
									<div class="text-wrapper">
									<h3>Nabídka týdne</h3>

									<div class="offer-text">Axe Gold temptation pánský deodorant sprej 150ml</div>

									<a href="/produkt/19197" class="button-simple button-red" aria-label="Detail produktu">Koupit</a>
									<div class="offer-price">
										<span>
											<span class="old-price"><strong class="price">105,90 Kč</strong></span>
										</span>
										<span class="actual-price"><strong class="price">73,90 Kč</strong></span>
									</div>
									</div>
								</div>
								<img src="https://cdn.kosik.cz/content/product-weekoffer/jpg/default/empty.jpg"
									data-src="https://cdn.kosik.cz/content/product-weekoffer/jpg/default/36449.jpg"
									alt="Axe Gold temptation pánský deodorant sprej 150ml"
								 class="loading-images offer-image">
							</div>
							<div class="week-bottom">
								<span class="sale-label"><span class="percents">30<small>&#37;</small></span> sleva</span>
									<div class="time-label">Zbývá pouze <strong>3 dny</strong></div>
							</div>
						</div>
						<div class="week-offer">
							<div class="week-top">
								<div class="offer-content">
									<div class="text-wrapper">
									<h3>Nabídka týdne</h3>

									<div class="offer-text">Gillette Fusion Proglide Flexball pánský holící strojek + náhradní hlavice 1ks</div>

									<a href="/produkt/40153" class="button-simple button-red" aria-label="Detail produktu">Koupit</a>
									<div class="offer-price">
										<span>
											<span class="old-price"><strong class="price">499,90 Kč</strong></span>
										</span>
										<span class="actual-price"><strong class="price">279,90 Kč</strong></span>
									</div>
									</div>
								</div>
								<img src="https://cdn.kosik.cz/content/product-weekoffer/jpg/default/empty.jpg"
									data-src="https://cdn.kosik.cz/content/product-weekoffer/jpg/default/57870.jpg"
									alt="Gillette Fusion Proglide Flexball pánský holící strojek + náhradní hlavice 1ks"
								 class="loading-images offer-image">
							</div>
							<div class="week-bottom">
								<span class="sale-label"><span class="percents">44<small>&#37;</small></span> sleva</span>
									<div class="time-label">Zbývá pouze <strong>3 dny</strong></div>
							</div>
						</div>
						<div class="week-offer">
							<div class="week-top">
								<div class="offer-content">
									<div class="text-wrapper">
									<h3>Nabídka týdne</h3>

									<div class="offer-text">Husa chlazená (cca 4 kg)</div>

									<a href="/produkt/48419" class="button-simple button-red" aria-label="Detail produktu">Koupit</a>
									<div class="offer-price">
										<span>
											<span class="old-price"><strong class="price">799,60 Kč</strong></span>
										</span>
										<span class="actual-price"><strong class="price">399,60 Kč</strong></span>
									</div>
									</div>
								</div>
								<img src="https://cdn.kosik.cz/content/product-weekoffer/jpg/default/empty.jpg"
									data-src="https://cdn.kosik.cz/content/product-weekoffer/jpg/default/65957.jpg"
									alt="Husa chlazená (cca 4 kg)"
								 class="loading-images offer-image">
							</div>
							<div class="week-bottom">
								<span class="sale-label"><span class="percents">50<small>&#37;</small></span> sleva</span>
									<div class="time-label">Zbývá pouze <strong>3 dny</strong></div>
							</div>
						</div>
	</div>
			</div>
		</div>

		<div class="region region-carousel region-products no-aside product-widget">
			<div class="home-product-widget region-inner region-products-inner slick-carousel" data-open="4" data-close="5">
				<div class="block block-title">
					<h3>Akce</h3>
							<a class="carousel-show-all" href="/produkty-v-akci">Zobrazit vše</a>
				</div>
<script async>

    var onProductModalDestroy = function() {

    	var pageData = window.dataLayer[0];

        pageData["event"] = "ga.pageview";
        pageData["pagePath"] = window.location.pathname;
        pageData["pageTitle"] = window.document.title;

	    dataLayer.push(pageData);
    };
</script>
<div class="block block-product-items product-items" data-ajax-append="product-item" id="snippet-productWidget-widgetCarousel-1akce-productListArea">
    <div id="product-append-48419" class="product-item">
        <div class="product-item-flags">
            <div class="flag-sale ">
                <span class="percents">50<small>&#37;</small></span>
            </div>
        </div>
        <div class="product-item-image">
                <a data-href="/?productWidget-widgetCarousel-1akce-id=48419&amp;do=productWidget-widgetCarousel-1akce-modal"
                   data-target="productWidget-widgetCarousel-1akce-productModal"
                   data-product-id="48419"
                   data-product-price="799.6"
                   data-page-title="Husa chlazená (cca 4 kg)"
                   data-page-path="/produkt/48419-husa-chlazena-cca-4-kg"
                   data-user-id=""
                   aria-hidden="true"
                   data-kosikmodal-onclose="onProductModalDestroy"
                   onclick="kosikAjax.click(this, initModalCarousel(this))">
                    <img src="https://cdn.kosik.cz/content/product/jpg/list/placeholder.jpg" data-src="https://cdn.kosik.cz/content/product/jpg/list/65957.jpg" alt="Husa chlazená (cca 4 kg)" class="loading-images loading-image">
                </a>




        </div>
                <div class="product-item-info">
                <h5><a href="javascript:void(0)" aria-label="Husa chlazená (cca 4 kg)" data-href="/?productWidget-widgetCarousel-1akce-id=48419&amp;do=productWidget-widgetCarousel-1akce-modal" class="product-name modal-link"
                   data-target="productWidget-widgetCarousel-1akce-productModal" onclick="kosikAjax.click(this, initModalCarousel(this))">
                    Husa chlazená (cca 4 kg)
                    <br><span class="new-product">Novinka</span>
                </a></h5>
            <p class="product-item-price product-in-discount">
                <span class="price-before-discount">
					<span><strong class="price">799,60 Kč</strong></span>
				</span>
                <small class="circa-prefix">cca </small>
                <strong class="price">399,60 Kč</strong>

            </p>
            <p class="product-item-unit">
                    (<strong class="price">99,90 Kč</strong> / kg)
            </p>
                        <div class="product-list-rating">
            </div>
<div id="snippet-productWidget-widgetCarousel-1akce-buy-48419-quantity">        <div class="product-quantity-control">
            <form action="/" method="post" class="ajax" id="frm-productWidget-widgetCarousel-1akce-buy-48419-quantityForm">
                <input type="text" name="quantity" size="3" id="frm-productWidget-widgetCarousel-1akce-buy-48419-quantityForm-quantity" data-nette-rules='[{"op":":integer","msg":"Množství musí být číslo."}]' value="1" aria-label="počet k přidání">
                <input type="submit" name="_submit" value="Přidat" class="product-quantity-control-submit plus" aria-label="přidat počet do košíku">
            <input type="hidden" name="do" value="productWidget-widgetCarousel-1akce-buy-48419-quantityForm-submit"><!--[if IE]><input type=IEbug disabled style="display:none"><![endif]-->
</form>

        </div>
</div>
                <p class="product-incart-info accessible">Produkt nemáte v košíku</p>


        </div>

        
    </div>
    <div id="product-append-391" class="product-item">
        <div class="product-item-flags">
            <div class="flag-sale ">
                <span class="percents">28<small>&#37;</small></span>
            </div>
        </div>
        <div class="product-item-image">
                <a data-href="/?productWidget-widgetCarousel-1akce-id=391&amp;do=productWidget-widgetCarousel-1akce-modal"
                   data-target="productWidget-widgetCarousel-1akce-productModal"
                   data-product-id="391"
                   data-product-price="24.9"
                   data-page-title="Mango (cca 260g)"
                   data-page-path="/produkt/391-mango-cca-260g"
                   data-user-id=""
                   aria-hidden="true"
                   data-kosikmodal-onclose="onProductModalDestroy"
                   onclick="kosikAjax.click(this, initModalCarousel(this))">
                    <img src="https://cdn.kosik.cz/content/product/jpg/list/placeholder.jpg" data-src="https://cdn.kosik.cz/content/product/jpg/list/411.jpg" alt="Mango (cca 260g)" class="loading-images loading-image">
                </a>




        </div>
                <div class="product-item-info">
                <h5><a href="javascript:void(0)" aria-label="Mango (cca 260g)" data-href="/?productWidget-widgetCarousel-1akce-id=391&amp;do=productWidget-widgetCarousel-1akce-modal" class="product-name modal-link"
                   data-target="productWidget-widgetCarousel-1akce-productModal" onclick="kosikAjax.click(this, initModalCarousel(this))">
                    Mango (cca 260g)
                    
                </a></h5>
            <p class="product-item-price product-in-discount">
                <span class="price-before-discount">
					<span><strong class="price">24,90 Kč</strong></span>
				</span>
                <strong class="price">17,90 Kč</strong>

            </p>
            <p class="product-item-unit">
                    (<strong class="price">68,80 Kč</strong> / kg)
            </p>
                        <div class="product-list-rating">
            </div>
<div id="snippet-productWidget-widgetCarousel-1akce-buy-391-quantity">        <div class="product-quantity-control">
            <form action="/" method="post" class="ajax" id="frm-productWidget-widgetCarousel-1akce-buy-391-quantityForm">
                <input type="text" name="quantity" size="3" id="frm-productWidget-widgetCarousel-1akce-buy-391-quantityForm-quantity" data-nette-rules='[{"op":":integer","msg":"Množství musí být číslo."}]' value="1" aria-label="počet k přidání">
                <input type="submit" name="_submit" value="Přidat" class="product-quantity-control-submit plus" aria-label="přidat počet do košíku">
            <input type="hidden" name="do" value="productWidget-widgetCarousel-1akce-buy-391-quantityForm-submit"><!--[if IE]><input type=IEbug disabled style="display:none"><![endif]-->
</form>

        </div>
</div>
                <p class="product-incart-info accessible">Produkt nemáte v košíku</p>


        </div>

        
    </div>
    <div id="product-append-43185" class="product-item">
        <div class="product-item-flags">
            <div class="flag-sale ">
                <span class="percents">20<small>&#37;</small></span>
            </div>
        </div>
        <div class="product-item-image">
                <a data-href="/?productWidget-widgetCarousel-1akce-id=43185&amp;do=productWidget-widgetCarousel-1akce-modal"
                   data-target="productWidget-widgetCarousel-1akce-productModal"
                   data-product-id="43185"
                   data-product-price="399.2"
                   data-page-title="Pick Uherský salám (cca 800g)"
                   data-page-path="/produkt/43185-pick-uhersky-salam-cca-800g"
                   data-user-id=""
                   aria-hidden="true"
                   data-kosikmodal-onclose="onProductModalDestroy"
                   onclick="kosikAjax.click(this, initModalCarousel(this))">
                    <img src="https://cdn.kosik.cz/content/product/jpg/list/placeholder.jpg" data-src="https://cdn.kosik.cz/content/product/jpg/list/60902.jpg" alt="Pick Uherský salám (cca 800g)" class="loading-images loading-image">
                </a>




        </div>
                <div class="product-item-info">
                <h5><a href="javascript:void(0)" aria-label="Pick Uherský salám (cca 800g)" data-href="/?productWidget-widgetCarousel-1akce-id=43185&amp;do=productWidget-widgetCarousel-1akce-modal" class="product-name modal-link"
                   data-target="productWidget-widgetCarousel-1akce-productModal" onclick="kosikAjax.click(this, initModalCarousel(this))">
                    Pick Uherský salám (cca 800g)
                    
                </a></h5>
            <p class="product-item-price product-in-discount">
                <span class="price-before-discount">
					<span><strong class="price">399,20 Kč</strong></span>
				</span>
                <small class="circa-prefix">cca </small>
                <strong class="price">319,20 Kč</strong>

            </p>
            <p class="product-item-unit">
                    (<strong class="price">399,00 Kč</strong> / kg)
            </p>
                        <div class="product-list-rating">
            </div>
<div id="snippet-productWidget-widgetCarousel-1akce-buy-43185-quantity">        <div class="product-quantity-control">
            <form action="/" method="post" class="ajax" id="frm-productWidget-widgetCarousel-1akce-buy-43185-quantityForm">
                <input type="text" name="quantity" size="3" id="frm-productWidget-widgetCarousel-1akce-buy-43185-quantityForm-quantity" data-nette-rules='[{"op":":integer","msg":"Množství musí být číslo."}]' value="1" aria-label="počet k přidání">
                <input type="submit" name="_submit" value="Přidat" class="product-quantity-control-submit plus" aria-label="přidat počet do košíku">
            <input type="hidden" name="do" value="productWidget-widgetCarousel-1akce-buy-43185-quantityForm-submit"><!--[if IE]><input type=IEbug disabled style="display:none"><![endif]-->
</form>

        </div>
</div>
                <p class="product-incart-info accessible">Produkt nemáte v košíku</p>


        </div>

        
    </div>
    <div id="product-append-19226" class="product-item">
        <div class="product-item-flags">
            <div class="flag-sale ">
                <span class="percents">34<small>&#37;</small></span>
            </div>
        </div>
        <div class="product-item-image">
                <a data-href="/?productWidget-widgetCarousel-1akce-id=19226&amp;do=productWidget-widgetCarousel-1akce-modal"
                   data-target="productWidget-widgetCarousel-1akce-productModal"
                   data-product-id="19226"
                   data-product-price="70.9"
                   data-page-title="Hellmann's Majonéza 650ml"
                   data-page-path="/produkt/19226-hellmann-s-majoneza-650ml"
                   data-user-id=""
                   aria-hidden="true"
                   data-kosikmodal-onclose="onProductModalDestroy"
                   onclick="kosikAjax.click(this, initModalCarousel(this))">
                    <img src="https://cdn.kosik.cz/content/product/jpg/list/placeholder.jpg" data-src="https://cdn.kosik.cz/content/product/jpg/list/36478.jpg" alt="Hellmann's Majonéza 650ml" class="loading-images loading-image">
                </a>




        </div>
                <div class="product-item-info">
                <h5><a href="javascript:void(0)" aria-label="Hellmann's Majonéza 650ml" data-href="/?productWidget-widgetCarousel-1akce-id=19226&amp;do=productWidget-widgetCarousel-1akce-modal" class="product-name modal-link"
                   data-target="productWidget-widgetCarousel-1akce-productModal" onclick="kosikAjax.click(this, initModalCarousel(this))">
                    Hellmann's Majonéza 650ml
                    
                </a></h5>
            <p class="product-item-price product-in-discount">
                <span class="price-before-discount">
					<span><strong class="price">70,90 Kč</strong></span>
				</span>
                <strong class="price">46,90 Kč</strong>

            </p>
            <p class="product-item-unit">
                    (<strong class="price">72,20 Kč</strong> / l)
            </p>
                        <div class="product-list-rating">
            </div>
<div id="snippet-productWidget-widgetCarousel-1akce-buy-19226-quantity">        <div class="product-quantity-control">
            <form action="/" method="post" class="ajax" id="frm-productWidget-widgetCarousel-1akce-buy-19226-quantityForm">
                <input type="text" name="quantity" size="3" id="frm-productWidget-widgetCarousel-1akce-buy-19226-quantityForm-quantity" data-nette-rules='[{"op":":integer","msg":"Množství musí být číslo."}]' value="1" aria-label="počet k přidání">
                <input type="submit" name="_submit" value="Přidat" class="product-quantity-control-submit plus" aria-label="přidat počet do košíku">
            <input type="hidden" name="do" value="productWidget-widgetCarousel-1akce-buy-19226-quantityForm-submit"><!--[if IE]><input type=IEbug disabled style="display:none"><![endif]-->
</form>

        </div>
</div>
                <p class="product-incart-info accessible">Produkt nemáte v košíku</p>


        </div>

        
    </div>
    <div id="product-append-50682" class="product-item">
        <div class="product-item-flags">
            <div class="flag-sale ">
                <span class="percents">15<small>&#37;</small></span>
            </div>
        </div>
        <div class="product-item-image">
                <a data-href="/?productWidget-widgetCarousel-1akce-id=50682&amp;do=productWidget-widgetCarousel-1akce-modal"
                   data-target="productWidget-widgetCarousel-1akce-productModal"
                   data-product-id="50682"
                   data-product-price="169.9"
                   data-page-title="Nekton Marinovaný losos s omáčkou 150g+40ml"
                   data-page-path="/produkt/50682-nekton-marinovany-losos-s-omackou-150g-40ml"
                   data-user-id=""
                   aria-hidden="true"
                   data-kosikmodal-onclose="onProductModalDestroy"
                   onclick="kosikAjax.click(this, initModalCarousel(this))">
                    <img src="https://cdn.kosik.cz/content/product/jpg/list/placeholder.jpg" data-src="https://cdn.kosik.cz/content/product/jpg/list/68202.jpg" alt="Nekton Marinovaný losos s omáčkou 150g+40ml" class="loading-images loading-image">
                </a>




        </div>
                <div class="product-item-info">
                <h5><a href="javascript:void(0)" aria-label="Nekton Marinovaný losos s omáčkou 150g+40ml" data-href="/?productWidget-widgetCarousel-1akce-id=50682&amp;do=productWidget-widgetCarousel-1akce-modal" class="product-name modal-link"
                   data-target="productWidget-widgetCarousel-1akce-productModal" onclick="kosikAjax.click(this, initModalCarousel(this))">
                    Nekton Marinovaný losos s omáčkou 150g+40ml
                    <br><span class="new-product">Novinka</span>
                </a></h5>
            <p class="product-item-price product-in-discount">
                <span class="price-before-discount">
					<span><strong class="price">169,90 Kč</strong></span>
				</span>
                <strong class="price">145,00 Kč</strong>

            </p>
            <p class="product-item-unit">
                    (<strong class="price">763,20 Kč</strong> / kg)
            </p>
                        <div class="product-list-rating">
            </div>
<div id="snippet-productWidget-widgetCarousel-1akce-buy-50682-quantity">        <div class="product-quantity-control">
            <form action="/" method="post" class="ajax" id="frm-productWidget-widgetCarousel-1akce-buy-50682-quantityForm">
                <input type="text" name="quantity" size="3" id="frm-productWidget-widgetCarousel-1akce-buy-50682-quantityForm-quantity" data-nette-rules='[{"op":":integer","msg":"Množství musí být číslo."}]' value="1" aria-label="počet k přidání">
                <input type="submit" name="_submit" value="Přidat" class="product-quantity-control-submit plus" aria-label="přidat počet do košíku">
            <input type="hidden" name="do" value="productWidget-widgetCarousel-1akce-buy-50682-quantityForm-submit"><!--[if IE]><input type=IEbug disabled style="display:none"><![endif]-->
</form>

        </div>
</div>
                <p class="product-incart-info accessible">Produkt nemáte v košíku</p>


        </div>

        
    </div>
    <div id="product-append-24596" class="product-item">
        <div class="product-item-flags">
            <div class="flag-sale ">
                <span class="percents">34<small>&#37;</small></span>
            </div>
        </div>
        <div class="product-item-image">
                <a data-href="/?productWidget-widgetCarousel-1akce-id=24596&amp;do=productWidget-widgetCarousel-1akce-modal"
                   data-target="productWidget-widgetCarousel-1akce-productModal"
                   data-product-id="24596"
                   data-product-price="17.9"
                   data-page-title="Kokosový ořech (cca 400g)"
                   data-page-path="/produkt/24596-kokosovy-orech-cca-400g"
                   data-user-id=""
                   aria-hidden="true"
                   data-kosikmodal-onclose="onProductModalDestroy"
                   onclick="kosikAjax.click(this, initModalCarousel(this))">
                    <img src="https://cdn.kosik.cz/content/product/jpg/list/placeholder.jpg" data-src="https://cdn.kosik.cz/content/product/jpg/list/41840.jpg" alt="Kokosový ořech (cca 400g)" class="loading-images loading-image">
                </a>




        </div>
                <div class="product-item-info">
                <h5><a href="javascript:void(0)" aria-label="Kokosový ořech (cca 400g)" data-href="/?productWidget-widgetCarousel-1akce-id=24596&amp;do=productWidget-widgetCarousel-1akce-modal" class="product-name modal-link"
                   data-target="productWidget-widgetCarousel-1akce-productModal" onclick="kosikAjax.click(this, initModalCarousel(this))">
                    Kokosový ořech (cca 400g)
                    
                </a></h5>
            <p class="product-item-price product-in-discount">
                <span class="price-before-discount">
					<span><strong class="price">17,90 Kč</strong></span>
				</span>
                <strong class="price">11,90 Kč</strong>

            </p>
            <p class="product-item-unit">
                    (<strong class="price">29,80 Kč</strong> / kg)
            </p>
                        <div class="product-list-rating">
            </div>
<div id="snippet-productWidget-widgetCarousel-1akce-buy-24596-quantity">        <div class="product-quantity-control">
            <form action="/" method="post" class="ajax" id="frm-productWidget-widgetCarousel-1akce-buy-24596-quantityForm">
                <input type="text" name="quantity" size="3" id="frm-productWidget-widgetCarousel-1akce-buy-24596-quantityForm-quantity" data-nette-rules='[{"op":":integer","msg":"Množství musí být číslo."}]' value="1" aria-label="počet k přidání">
                <input type="submit" name="_submit" value="Přidat" class="product-quantity-control-submit plus" aria-label="přidat počet do košíku">
            <input type="hidden" name="do" value="productWidget-widgetCarousel-1akce-buy-24596-quantityForm-submit"><!--[if IE]><input type=IEbug disabled style="display:none"><![endif]-->
</form>

        </div>
</div>
                <p class="product-incart-info accessible">Produkt nemáte v košíku</p>


        </div>

        
    </div>
    <div id="product-append-35900" class="product-item">
        <div class="product-item-flags">
            <div class="flag-sale ">
                <span class="percents">30<small>&#37;</small></span>
            </div>
        </div>
        <div class="product-item-image">
                <a data-href="/?productWidget-widgetCarousel-1akce-id=35900&amp;do=productWidget-widgetCarousel-1akce-modal"
                   data-target="productWidget-widgetCarousel-1akce-productModal"
                   data-product-id="35900"
                   data-product-price="52.9"
                   data-page-title="Brambory konzumní pozdní neprané síť 5 kg"
                   data-page-path="/produkt/35900-brambory-konzumni-pozdni-neprane-sit-5-kg"
                   data-user-id=""
                   aria-hidden="true"
                   data-kosikmodal-onclose="onProductModalDestroy"
                   onclick="kosikAjax.click(this, initModalCarousel(this))">
                    <img src="https://cdn.kosik.cz/content/product/jpg/list/placeholder.jpg" data-src="https://cdn.kosik.cz/content/product/jpg/list/53463.jpg" alt="Brambory konzumní pozdní neprané síť 5 kg" class="loading-images loading-image">
                </a>




        </div>
                <div class="product-item-info">
                <h5><a href="javascript:void(0)" aria-label="Brambory konzumní pozdní neprané síť 5 kg" data-href="/?productWidget-widgetCarousel-1akce-id=35900&amp;do=productWidget-widgetCarousel-1akce-modal" class="product-name modal-link"
                   data-target="productWidget-widgetCarousel-1akce-productModal" onclick="kosikAjax.click(this, initModalCarousel(this))">
                    Brambory konzumní pozdní neprané síť 5 kg
                    
                </a></h5>
            <p class="product-item-price product-in-discount">
                <span class="price-before-discount">
					<span><strong class="price">52,90 Kč</strong></span>
				</span>
                <strong class="price">36,90 Kč</strong>

            </p>
            <p class="product-item-unit">
                    (<strong class="price">7,40 Kč</strong> / kg)
            </p>
                        <div class="product-list-rating">
                <span><ul class="rating"><li class="rating-children rating-1 up" data-rating="1"><i class="fa fa-star"></i></li><li class="rating-children rating-2 down" data-rating="2"><i class="fa fa-star"></i></li><li class="rating-children rating-3 down" data-rating="3"><i class="fa fa-star"></i></li><li class="rating-children rating-4 down" data-rating="4"><i class="fa fa-star"></i></li><li class="rating-children rating-5 down" data-rating="5"><i class="fa fa-star"></i></li></ul></span>
            </div>
<div id="snippet-productWidget-widgetCarousel-1akce-buy-35900-quantity">        <div class="product-quantity-control">
            <form action="/" method="post" class="ajax" id="frm-productWidget-widgetCarousel-1akce-buy-35900-quantityForm">
                <input type="text" name="quantity" size="3" id="frm-productWidget-widgetCarousel-1akce-buy-35900-quantityForm-quantity" data-nette-rules='[{"op":":integer","msg":"Množství musí být číslo."}]' value="1" aria-label="počet k přidání">
                <input type="submit" name="_submit" value="Přidat" class="product-quantity-control-submit plus" aria-label="přidat počet do košíku">
            <input type="hidden" name="do" value="productWidget-widgetCarousel-1akce-buy-35900-quantityForm-submit"><!--[if IE]><input type=IEbug disabled style="display:none"><![endif]-->
</form>

        </div>
</div>
                <p class="product-incart-info accessible">Produkt nemáte v košíku</p>


        </div>

        
    </div>
    <div id="product-append-36944" class="product-item">
        <div class="product-item-flags">
            <div class="flag-sale ">
                <span class="percents">18<small>&#37;</small></span>
            </div>
        </div>
        <div class="product-item-image">
                <a data-href="/?productWidget-widgetCarousel-1akce-id=36944&amp;do=productWidget-widgetCarousel-1akce-modal"
                   data-target="productWidget-widgetCarousel-1akce-productModal"
                   data-product-id="36944"
                   data-product-price="109"
                   data-page-title="Skare Carpaccio s parmezánem a olivovým olejem 100g"
                   data-page-path="/produkt/36944-skare-carpaccio-s-parmezanem-a-olivovym-olejem-100g"
                   data-user-id=""
                   aria-hidden="true"
                   data-kosikmodal-onclose="onProductModalDestroy"
                   onclick="kosikAjax.click(this, initModalCarousel(this))">
                    <img src="https://cdn.kosik.cz/content/product/jpg/list/placeholder.jpg" data-src="https://cdn.kosik.cz/content/product/jpg/list/54562.jpg" alt="Skare Carpaccio s parmezánem a olivovým olejem 100g" class="loading-images loading-image">
                </a>




        </div>
                <div class="product-item-info">
                <h5><a href="javascript:void(0)" aria-label="Skare Carpaccio s parmezánem a olivovým olejem 100g" data-href="/?productWidget-widgetCarousel-1akce-id=36944&amp;do=productWidget-widgetCarousel-1akce-modal" class="product-name modal-link"
                   data-target="productWidget-widgetCarousel-1akce-productModal" onclick="kosikAjax.click(this, initModalCarousel(this))">
                    Skare Carpaccio s parmezánem a olivovým olejem 100g
                    
                </a></h5>
            <p class="product-item-price product-in-discount">
                <span class="price-before-discount">
					<span><strong class="price">109,00 Kč</strong></span>
				</span>
                <strong class="price">89,90 Kč</strong>

            </p>
            <p class="product-item-unit">
                    (<strong class="price">781,70 Kč</strong> / kg)
            </p>
                        <div class="product-list-rating">
            </div>
<div id="snippet-productWidget-widgetCarousel-1akce-buy-36944-quantity">        <div class="product-quantity-control">
            <form action="/" method="post" class="ajax" id="frm-productWidget-widgetCarousel-1akce-buy-36944-quantityForm">
                <input type="text" name="quantity" size="3" id="frm-productWidget-widgetCarousel-1akce-buy-36944-quantityForm-quantity" data-nette-rules='[{"op":":integer","msg":"Množství musí být číslo."}]' value="1" aria-label="počet k přidání">
                <input type="submit" name="_submit" value="Přidat" class="product-quantity-control-submit plus" aria-label="přidat počet do košíku">
            <input type="hidden" name="do" value="productWidget-widgetCarousel-1akce-buy-36944-quantityForm-submit"><!--[if IE]><input type=IEbug disabled style="display:none"><![endif]-->
</form>

        </div>
</div>
                <p class="product-incart-info accessible">Produkt nemáte v košíku</p>


        </div>

        
    </div>
    <div id="product-append-414" class="product-item">
        <div class="product-item-flags">
            <div class="flag-sale ">
                <span class="percents">36<small>&#37;</small></span>
            </div>
        </div>
        <div class="product-item-image">
                <a data-href="/?productWidget-widgetCarousel-1akce-id=414&amp;do=productWidget-widgetCarousel-1akce-modal"
                   data-target="productWidget-widgetCarousel-1akce-productModal"
                   data-product-id="414"
                   data-product-price="2.78"
                   data-page-title="Mrkev (cca 200g)"
                   data-page-path="/produkt/414-mrkev-cca-200g"
                   data-user-id=""
                   aria-hidden="true"
                   data-kosikmodal-onclose="onProductModalDestroy"
                   onclick="kosikAjax.click(this, initModalCarousel(this))">
                    <img src="https://cdn.kosik.cz/content/product/jpg/list/placeholder.jpg" data-src="https://cdn.kosik.cz/content/product/jpg/list/437.jpg" alt="Mrkev (cca 200g)" class="loading-images loading-image">
                </a>




        </div>
                <div class="product-item-info">
                <h5><a href="javascript:void(0)" aria-label="Mrkev (cca 200g)" data-href="/?productWidget-widgetCarousel-1akce-id=414&amp;do=productWidget-widgetCarousel-1akce-modal" class="product-name modal-link"
                   data-target="productWidget-widgetCarousel-1akce-productModal" onclick="kosikAjax.click(this, initModalCarousel(this))">
                    Mrkev (cca 200g)
                    
                </a></h5>
            <p class="product-item-price product-in-discount">
                <span class="price-before-discount">
					<span><strong class="price">2,80 Kč</strong></span>
				</span>
                <small class="circa-prefix">cca </small>
                <strong class="price">1,80 Kč</strong>

            </p>
            <p class="product-item-unit">
                    (<strong class="price">8,90 Kč</strong> / kg)
            </p>
                        <div class="product-list-rating">
                <span><ul class="rating"><li class="rating-children rating-1 up" data-rating="1"><i class="fa fa-star"></i></li><li class="rating-children rating-2 up" data-rating="2"><i class="fa fa-star"></i></li><li class="rating-children rating-3 up" data-rating="3"><i class="fa fa-star"></i></li><li class="rating-children rating-4 up" data-rating="4"><i class="fa fa-star"></i></li><li class="rating-children rating-5 down" data-rating="5"><i class="fa fa-star"></i></li></ul></span>
            </div>
<div id="snippet-productWidget-widgetCarousel-1akce-buy-414-quantity">        <div class="product-quantity-control">
            <form action="/" method="post" class="ajax" id="frm-productWidget-widgetCarousel-1akce-buy-414-quantityForm">
                <input type="text" name="quantity" size="3" id="frm-productWidget-widgetCarousel-1akce-buy-414-quantityForm-quantity" data-nette-rules='[{"op":":integer","msg":"Množství musí být číslo."}]' value="1" aria-label="počet k přidání">
                <input type="submit" name="_submit" value="Přidat" class="product-quantity-control-submit plus" aria-label="přidat počet do košíku">
            <input type="hidden" name="do" value="productWidget-widgetCarousel-1akce-buy-414-quantityForm-submit"><!--[if IE]><input type=IEbug disabled style="display:none"><![endif]-->
</form>

        </div>
</div>
                <p class="product-incart-info accessible">Produkt nemáte v košíku</p>


        </div>

        
    </div>
    <div id="product-append-12510" class="product-item">
        <div class="product-item-flags">
            <div class="flag-sale ">
                <span class="percents">27<small>&#37;</small></span>
            </div>
        </div>
        <div class="product-item-image">
                <a data-href="/?productWidget-widgetCarousel-1akce-id=12510&amp;do=productWidget-widgetCarousel-1akce-modal"
                   data-target="productWidget-widgetCarousel-1akce-productModal"
                   data-product-id="12510"
                   data-product-price="32.9"
                   data-page-title="Alufix Papír na pečení Alufix 8m, 38cm v krabičce"
                   data-page-path="/produkt/12510-alufix-papir-na-peceni-alufix-8m-38cm-v-krabicce"
                   data-user-id=""
                   aria-hidden="true"
                   data-kosikmodal-onclose="onProductModalDestroy"
                   onclick="kosikAjax.click(this, initModalCarousel(this))">
                    <img src="https://cdn.kosik.cz/content/product/jpg/list/placeholder.jpg" data-src="https://cdn.kosik.cz/content/product/jpg/list/29794.jpg" alt="Alufix Papír na pečení Alufix 8m, 38cm v krabičce" class="loading-images loading-image">
                </a>




        </div>
                <div class="product-item-info">
                <h5><a href="javascript:void(0)" aria-label="Alufix Papír na pečení Alufix 8m, 38cm v krabičce" data-href="/?productWidget-widgetCarousel-1akce-id=12510&amp;do=productWidget-widgetCarousel-1akce-modal" class="product-name modal-link"
                   data-target="productWidget-widgetCarousel-1akce-productModal" onclick="kosikAjax.click(this, initModalCarousel(this))">
                    Alufix Papír na pečení Alufix 8m, 38cm v krabičce
                    
                </a></h5>
            <p class="product-item-price product-in-discount">
                <span class="price-before-discount">
					<span><strong class="price">32,90 Kč</strong></span>
				</span>
                <strong class="price">23,90 Kč</strong>

            </p>
            <p class="product-item-unit">
                    (<strong class="price">23,90 Kč</strong> / ks)
            </p>
                        <div class="product-list-rating">
            </div>
<div id="snippet-productWidget-widgetCarousel-1akce-buy-12510-quantity">        <div class="product-quantity-control">
            <form action="/" method="post" class="ajax" id="frm-productWidget-widgetCarousel-1akce-buy-12510-quantityForm">
                <input type="text" name="quantity" size="3" id="frm-productWidget-widgetCarousel-1akce-buy-12510-quantityForm-quantity" data-nette-rules='[{"op":":integer","msg":"Množství musí být číslo."}]' value="1" aria-label="počet k přidání">
                <input type="submit" name="_submit" value="Přidat" class="product-quantity-control-submit plus" aria-label="přidat počet do košíku">
            <input type="hidden" name="do" value="productWidget-widgetCarousel-1akce-buy-12510-quantityForm-submit"><!--[if IE]><input type=IEbug disabled style="display:none"><![endif]-->
</form>

        </div>
</div>
                <p class="product-incart-info accessible">Produkt nemáte v košíku</p>


        </div>

        
    </div>
    <div id="product-append-14138" class="product-item">
        <div class="product-item-flags">
            <div class="flag-sale ">
                <span class="percents">19<small>&#37;</small></span>
            </div>
        </div>
        <div class="product-item-image">
                <a data-href="/?productWidget-widgetCarousel-1akce-id=14138&amp;do=productWidget-widgetCarousel-1akce-modal"
                   data-target="productWidget-widgetCarousel-1akce-productModal"
                   data-product-id="14138"
                   data-product-price="7.018"
                   data-page-title="Jablko Red Prince (cca 220g)"
                   data-page-path="/produkt/14138-jablko-red-prince-cca-220g"
                   data-user-id=""
                   aria-hidden="true"
                   data-kosikmodal-onclose="onProductModalDestroy"
                   onclick="kosikAjax.click(this, initModalCarousel(this))">
                    <img src="https://cdn.kosik.cz/content/product/jpg/list/placeholder.jpg" data-src="https://cdn.kosik.cz/content/product/jpg/list/31391.jpg" alt="Jablko Red Prince (cca 220g)" class="loading-images loading-image">
                </a>




        </div>
                <div class="product-item-info">
                <h5><a href="javascript:void(0)" aria-label="Jablko Red Prince (cca 220g)" data-href="/?productWidget-widgetCarousel-1akce-id=14138&amp;do=productWidget-widgetCarousel-1akce-modal" class="product-name modal-link"
                   data-target="productWidget-widgetCarousel-1akce-productModal" onclick="kosikAjax.click(this, initModalCarousel(this))">
                    Jablko Red Prince (cca 220g)
                    
                </a></h5>
            <p class="product-item-price product-in-discount">
                <span class="price-before-discount">
					<span><strong class="price">7,00 Kč</strong></span>
				</span>
                <small class="circa-prefix">cca </small>
                <strong class="price">5,70 Kč</strong>

            </p>
            <p class="product-item-unit">
                    (<strong class="price">25,90 Kč</strong> / kg)
            </p>
                        <div class="product-list-rating">
                <span><ul class="rating"><li class="rating-children rating-1 up" data-rating="1"><i class="fa fa-star"></i></li><li class="rating-children rating-2 up" data-rating="2"><i class="fa fa-star"></i></li><li class="rating-children rating-3 up" data-rating="3"><i class="fa fa-star"></i></li><li class="rating-children rating-4 up" data-rating="4"><i class="fa fa-star"></i></li><li class="rating-children rating-5 up" data-rating="5"><i class="fa fa-star"></i></li></ul></span>
            </div>
<div id="snippet-productWidget-widgetCarousel-1akce-buy-14138-quantity">        <div class="product-quantity-control">
            <form action="/" method="post" class="ajax" id="frm-productWidget-widgetCarousel-1akce-buy-14138-quantityForm">
                <input type="text" name="quantity" size="3" id="frm-productWidget-widgetCarousel-1akce-buy-14138-quantityForm-quantity" data-nette-rules='[{"op":":integer","msg":"Množství musí být číslo."}]' value="1" aria-label="počet k přidání">
                <input type="submit" name="_submit" value="Přidat" class="product-quantity-control-submit plus" aria-label="přidat počet do košíku">
            <input type="hidden" name="do" value="productWidget-widgetCarousel-1akce-buy-14138-quantityForm-submit"><!--[if IE]><input type=IEbug disabled style="display:none"><![endif]-->
</form>

        </div>
</div>
                <p class="product-incart-info accessible">Produkt nemáte v košíku</p>


        </div>

        
    </div>
    <div id="product-append-623" class="product-item">
        <div class="product-item-flags">
            <div class="flag-sale ">
                <span class="percents">27<small>&#37;</small></span>
            </div>
        </div>
        <div class="product-item-image">
                <a data-href="/?productWidget-widgetCarousel-1akce-id=623&amp;do=productWidget-widgetCarousel-1akce-modal"
                   data-target="productWidget-widgetCarousel-1akce-productModal"
                   data-product-id="623"
                   data-product-price="32.9"
                   data-page-title="Choceňská Mlékárna Choceňské tradiční pomazánkové neochucené 200g"
                   data-page-path="/produkt/623-chocenska-mlekarna-chocenske-tradicni-pomazankove-neochucene-200g"
                   data-user-id=""
                   aria-hidden="true"
                   data-kosikmodal-onclose="onProductModalDestroy"
                   onclick="kosikAjax.click(this, initModalCarousel(this))">
                    <img src="https://cdn.kosik.cz/content/product/jpg/list/placeholder.jpg" data-src="https://cdn.kosik.cz/content/product/jpg/list/651.jpg" alt="Choceňská Mlékárna Choceňské tradiční pomazánkové neochucené 200g" class="loading-images loading-image">
                </a>




        </div>
                <div class="product-item-info">
                <h5><a href="javascript:void(0)" aria-label="Choceňská Mlékárna Choceňské tradiční pomazánkové neochucené 200g" data-href="/?productWidget-widgetCarousel-1akce-id=623&amp;do=productWidget-widgetCarousel-1akce-modal" class="product-name modal-link"
                   data-target="productWidget-widgetCarousel-1akce-productModal" onclick="kosikAjax.click(this, initModalCarousel(this))">
                    Choceňská Mlékárna Choceňské tradiční pomazánkové neochucené 200g
                    
                </a></h5>
            <p class="product-item-price product-in-discount">
                <span class="price-before-discount">
					<span><strong class="price">32,90 Kč</strong></span>
				</span>
                <strong class="price">23,90 Kč</strong>

            </p>
            <p class="product-item-unit">
                    (<strong class="price">119,50 Kč</strong> / kg)
            </p>
                        <div class="product-list-rating">
                <span><ul class="rating"><li class="rating-children rating-1 up" data-rating="1"><i class="fa fa-star"></i></li><li class="rating-children rating-2 up" data-rating="2"><i class="fa fa-star"></i></li><li class="rating-children rating-3 up" data-rating="3"><i class="fa fa-star"></i></li><li class="rating-children rating-4 up" data-rating="4"><i class="fa fa-star"></i></li><li class="rating-children rating-5 up" data-rating="5"><i class="fa fa-star"></i></li></ul></span>
            </div>
<div id="snippet-productWidget-widgetCarousel-1akce-buy-623-quantity">        <div class="product-quantity-control">
            <form action="/" method="post" class="ajax" id="frm-productWidget-widgetCarousel-1akce-buy-623-quantityForm">
                <input type="text" name="quantity" size="3" id="frm-productWidget-widgetCarousel-1akce-buy-623-quantityForm-quantity" data-nette-rules='[{"op":":integer","msg":"Množství musí být číslo."}]' value="1" aria-label="počet k přidání">
                <input type="submit" name="_submit" value="Přidat" class="product-quantity-control-submit plus" aria-label="přidat počet do košíku">
            <input type="hidden" name="do" value="productWidget-widgetCarousel-1akce-buy-623-quantityForm-submit"><!--[if IE]><input type=IEbug disabled style="display:none"><![endif]-->
</form>

        </div>
</div>
                <p class="product-incart-info accessible">Produkt nemáte v košíku</p>


        </div>

        
    </div>
    <div id="product-append-22427" class="product-item">
        <div class="product-item-flags">
            <div class="flag-sale ">
                <span class="percents">32<small>&#37;</small></span>
            </div>
        </div>
        <div class="product-item-image">
                <a data-href="/?productWidget-widgetCarousel-1akce-id=22427&amp;do=productWidget-widgetCarousel-1akce-modal"
                   data-target="productWidget-widgetCarousel-1akce-productModal"
                   data-product-id="22427"
                   data-product-price="33.9"
                   data-page-title="Felix Party Mix original mix 60g"
                   data-page-path="/produkt/22427-felix-party-mix-original-mix-60g"
                   data-user-id=""
                   aria-hidden="true"
                   data-kosikmodal-onclose="onProductModalDestroy"
                   onclick="kosikAjax.click(this, initModalCarousel(this))">
                    <img src="https://cdn.kosik.cz/content/product/jpg/list/placeholder.jpg" data-src="https://cdn.kosik.cz/content/product/jpg/list/39676.jpg" alt="Felix Party Mix original mix 60g" class="loading-images loading-image">
                </a>




        </div>
                <div class="product-item-info">
                <h5><a href="javascript:void(0)" aria-label="Felix Party Mix original mix 60g" data-href="/?productWidget-widgetCarousel-1akce-id=22427&amp;do=productWidget-widgetCarousel-1akce-modal" class="product-name modal-link"
                   data-target="productWidget-widgetCarousel-1akce-productModal" onclick="kosikAjax.click(this, initModalCarousel(this))">
                    Felix Party Mix original mix 60g
                    
                </a></h5>
            <p class="product-item-price product-in-discount">
                <span class="price-before-discount">
					<span><strong class="price">33,90 Kč</strong></span>
				</span>
                <strong class="price">22,90 Kč</strong>

            </p>
            <p class="product-item-unit">
                    (<strong class="price">22,90 Kč</strong> / ks)
            </p>
                        <div class="product-list-rating">
            </div>
<div id="snippet-productWidget-widgetCarousel-1akce-buy-22427-quantity">        <div class="product-quantity-control">
            <form action="/" method="post" class="ajax" id="frm-productWidget-widgetCarousel-1akce-buy-22427-quantityForm">
                <input type="text" name="quantity" size="3" id="frm-productWidget-widgetCarousel-1akce-buy-22427-quantityForm-quantity" data-nette-rules='[{"op":":integer","msg":"Množství musí být číslo."}]' value="1" aria-label="počet k přidání">
                <input type="submit" name="_submit" value="Přidat" class="product-quantity-control-submit plus" aria-label="přidat počet do košíku">
            <input type="hidden" name="do" value="productWidget-widgetCarousel-1akce-buy-22427-quantityForm-submit"><!--[if IE]><input type=IEbug disabled style="display:none"><![endif]-->
</form>

        </div>
</div>
                <p class="product-incart-info accessible">Produkt nemáte v košíku</p>


        </div>

        
    </div>
    <div id="product-append-13090" class="product-item">
        <div class="product-item-flags">
            <div class="flag-sale ">
                <span class="percents">29<small>&#37;</small></span>
            </div>
        </div>
        <div class="product-item-image">
                <a data-href="/?productWidget-widgetCarousel-1akce-id=13090&amp;do=productWidget-widgetCarousel-1akce-modal"
                   data-target="productWidget-widgetCarousel-1akce-productModal"
                   data-product-id="13090"
                   data-product-price="8.475"
                   data-page-title="Pomeranč (cca 250g)"
                   data-page-path="/produkt/13090-pomeranc-cca-250g"
                   data-user-id=""
                   aria-hidden="true"
                   data-kosikmodal-onclose="onProductModalDestroy"
                   onclick="kosikAjax.click(this, initModalCarousel(this))">
                    <img src="https://cdn.kosik.cz/content/product/jpg/list/placeholder.jpg" data-src="https://cdn.kosik.cz/content/product/jpg/list/30489.jpg" alt="Pomeranč (cca 250g)" class="loading-images loading-image">
                </a>




        </div>
                <div class="product-item-info">
                <h5><a href="javascript:void(0)" aria-label="Pomeranč (cca 250g)" data-href="/?productWidget-widgetCarousel-1akce-id=13090&amp;do=productWidget-widgetCarousel-1akce-modal" class="product-name modal-link"
                   data-target="productWidget-widgetCarousel-1akce-productModal" onclick="kosikAjax.click(this, initModalCarousel(this))">
                    Pomeranč (cca 250g)
                    
                </a></h5>
            <p class="product-item-price product-in-discount">
                <span class="price-before-discount">
					<span><strong class="price">8,50 Kč</strong></span>
				</span>
                <small class="circa-prefix">cca </small>
                <strong class="price">6,00 Kč</strong>

            </p>
            <p class="product-item-unit">
                    (<strong class="price">23,90 Kč</strong> / kg)
            </p>
                        <div class="product-list-rating">
                <span><ul class="rating"><li class="rating-children rating-1 up" data-rating="1"><i class="fa fa-star"></i></li><li class="rating-children rating-2 up" data-rating="2"><i class="fa fa-star"></i></li><li class="rating-children rating-3 up" data-rating="3"><i class="fa fa-star"></i></li><li class="rating-children rating-4 up" data-rating="4"><i class="fa fa-star"></i></li><li class="rating-children rating-5 down" data-rating="5"><i class="fa fa-star"></i></li></ul></span>
            </div>
<div id="snippet-productWidget-widgetCarousel-1akce-buy-13090-quantity">        <div class="product-quantity-control">
            <form action="/" method="post" class="ajax" id="frm-productWidget-widgetCarousel-1akce-buy-13090-quantityForm">
                <input type="text" name="quantity" size="3" id="frm-productWidget-widgetCarousel-1akce-buy-13090-quantityForm-quantity" data-nette-rules='[{"op":":integer","msg":"Množství musí být číslo."}]' value="1" aria-label="počet k přidání">
                <input type="submit" name="_submit" value="Přidat" class="product-quantity-control-submit plus" aria-label="přidat počet do košíku">
            <input type="hidden" name="do" value="productWidget-widgetCarousel-1akce-buy-13090-quantityForm-submit"><!--[if IE]><input type=IEbug disabled style="display:none"><![endif]-->
</form>

        </div>
</div>
                <p class="product-incart-info accessible">Produkt nemáte v košíku</p>


        </div>

        
    </div>
    <div id="product-append-470" class="product-item">
        <div class="product-item-flags">
            <div class="flag-sale ">
                <span class="percents">23<small>&#37;</small></span>
            </div>
        </div>
        <div class="product-item-image">
                <a data-href="/?productWidget-widgetCarousel-1akce-id=470&amp;do=productWidget-widgetCarousel-1akce-modal"
                   data-target="productWidget-widgetCarousel-1akce-productModal"
                   data-product-id="470"
                   data-product-price="25.9"
                   data-page-title="Choceňská Mlékárna Choceňský smetanový jogurt max bílý 380g"
                   data-page-path="/produkt/470-chocenska-mlekarna-chocensky-smetanovy-jogurt-max-bily-380g"
                   data-user-id=""
                   aria-hidden="true"
                   data-kosikmodal-onclose="onProductModalDestroy"
                   onclick="kosikAjax.click(this, initModalCarousel(this))">
                    <img src="https://cdn.kosik.cz/content/product/jpg/list/placeholder.jpg" data-src="https://cdn.kosik.cz/content/product/jpg/list/497.jpg" alt="Choceňská Mlékárna Choceňský smetanový jogurt max bílý 380g" class="loading-images loading-image">
                </a>




        </div>
                <div class="product-item-info">
                <h5><a href="javascript:void(0)" aria-label="Choceňská Mlékárna Choceňský smetanový jogurt max bílý 380g" data-href="/?productWidget-widgetCarousel-1akce-id=470&amp;do=productWidget-widgetCarousel-1akce-modal" class="product-name modal-link"
                   data-target="productWidget-widgetCarousel-1akce-productModal" onclick="kosikAjax.click(this, initModalCarousel(this))">
                    Choceňská Mlékárna Choceňský smetanový jogurt max bílý 380g
                    
                </a></h5>
            <p class="product-item-price product-in-discount">
                <span class="price-before-discount">
					<span><strong class="price">25,90 Kč</strong></span>
				</span>
                <strong class="price">19,90 Kč</strong>

            </p>
            <p class="product-item-unit">
                    (<strong class="price">52,40 Kč</strong> / kg)
            </p>
                        <div class="product-list-rating">
            </div>
<div id="snippet-productWidget-widgetCarousel-1akce-buy-470-quantity">        <div class="product-quantity-control">
            <form action="/" method="post" class="ajax" id="frm-productWidget-widgetCarousel-1akce-buy-470-quantityForm">
                <input type="text" name="quantity" size="3" id="frm-productWidget-widgetCarousel-1akce-buy-470-quantityForm-quantity" data-nette-rules='[{"op":":integer","msg":"Množství musí být číslo."}]' value="1" aria-label="počet k přidání">
                <input type="submit" name="_submit" value="Přidat" class="product-quantity-control-submit plus" aria-label="přidat počet do košíku">
            <input type="hidden" name="do" value="productWidget-widgetCarousel-1akce-buy-470-quantityForm-submit"><!--[if IE]><input type=IEbug disabled style="display:none"><![endif]-->
</form>

        </div>
</div>
                <p class="product-incart-info accessible">Produkt nemáte v košíku</p>


        </div>

        
    </div>
    <div id="product-append-31457" class="product-item">
        <div class="product-item-flags">
            <div class="flag-sale ">
                <span class="percents">20<small>&#37;</small></span>
            </div>
        </div>
        <div class="product-item-image">
                <a data-href="/?productWidget-widgetCarousel-1akce-id=31457&amp;do=productWidget-widgetCarousel-1akce-modal"
                   data-target="productWidget-widgetCarousel-1akce-productModal"
                   data-product-id="31457"
                   data-product-price="59.9"
                   data-page-title="Arina Kozí sýr Jong 100g"
                   data-page-path="/produkt/31457-arina-kozi-syr-jong-100g"
                   data-user-id=""
                   aria-hidden="true"
                   data-kosikmodal-onclose="onProductModalDestroy"
                   onclick="kosikAjax.click(this, initModalCarousel(this))">
                    <img src="https://cdn.kosik.cz/content/product/jpg/list/placeholder.jpg" data-src="https://cdn.kosik.cz/content/product/jpg/list/48889.jpg" alt="Arina Kozí sýr Jong 100g" class="loading-images loading-image">
                </a>




        </div>
                <div class="product-item-info">
                <h5><a href="javascript:void(0)" aria-label="Arina Kozí sýr Jong 100g" data-href="/?productWidget-widgetCarousel-1akce-id=31457&amp;do=productWidget-widgetCarousel-1akce-modal" class="product-name modal-link"
                   data-target="productWidget-widgetCarousel-1akce-productModal" onclick="kosikAjax.click(this, initModalCarousel(this))">
                    Arina Kozí sýr Jong 100g
                    
                </a></h5>
            <p class="product-item-price product-in-discount">
                <span class="price-before-discount">
					<span><strong class="price">59,90 Kč</strong></span>
				</span>
                <strong class="price">47,90 Kč</strong>

            </p>
            <p class="product-item-unit">
                    (<strong class="price">479,00 Kč</strong> / kg)
            </p>
                        <div class="product-list-rating">
            </div>
<div id="snippet-productWidget-widgetCarousel-1akce-buy-31457-quantity">        <div class="product-quantity-control">
            <form action="/" method="post" class="ajax" id="frm-productWidget-widgetCarousel-1akce-buy-31457-quantityForm">
                <input type="text" name="quantity" size="3" id="frm-productWidget-widgetCarousel-1akce-buy-31457-quantityForm-quantity" data-nette-rules='[{"op":":integer","msg":"Množství musí být číslo."}]' value="1" aria-label="počet k přidání">
                <input type="submit" name="_submit" value="Přidat" class="product-quantity-control-submit plus" aria-label="přidat počet do košíku">
            <input type="hidden" name="do" value="productWidget-widgetCarousel-1akce-buy-31457-quantityForm-submit"><!--[if IE]><input type=IEbug disabled style="display:none"><![endif]-->
</form>

        </div>
</div>
                <p class="product-incart-info accessible">Produkt nemáte v košíku</p>


        </div>

        
    </div>
    <div id="product-append-27617" class="product-item">
        <div class="product-item-flags">
            <div class="flag-sale ">
                <span class="percents">24<small>&#37;</small></span>
            </div>
        </div>
        <div class="product-item-image">
                <a data-href="/?productWidget-widgetCarousel-1akce-id=27617&amp;do=productWidget-widgetCarousel-1akce-modal"
                   data-target="productWidget-widgetCarousel-1akce-productModal"
                   data-product-id="27617"
                   data-product-price="32.9"
                   data-page-title="Olma Olmín Sýr zrající s plísní 125g"
                   data-page-path="/produkt/27617-olma-olmin-syr-zrajici-s-plisni-125g"
                   data-user-id=""
                   aria-hidden="true"
                   data-kosikmodal-onclose="onProductModalDestroy"
                   onclick="kosikAjax.click(this, initModalCarousel(this))">
                    <img src="https://cdn.kosik.cz/content/product/jpg/list/placeholder.jpg" data-src="https://cdn.kosik.cz/content/product/jpg/list/44903.jpg" alt="Olma Olmín Sýr zrající s plísní 125g" class="loading-images loading-image">
                </a>




        </div>
                <div class="product-item-info">
                <h5><a href="javascript:void(0)" aria-label="Olma Olmín Sýr zrající s plísní 125g" data-href="/?productWidget-widgetCarousel-1akce-id=27617&amp;do=productWidget-widgetCarousel-1akce-modal" class="product-name modal-link"
                   data-target="productWidget-widgetCarousel-1akce-productModal" onclick="kosikAjax.click(this, initModalCarousel(this))">
                    Olma Olmín Sýr zrající s plísní 125g
                    
                </a></h5>
            <p class="product-item-price product-in-discount">
                <span class="price-before-discount">
					<span><strong class="price">32,90 Kč</strong></span>
				</span>
                <strong class="price">24,90 Kč</strong>

            </p>
            <p class="product-item-unit">
                    (<strong class="price">199,20 Kč</strong> / kg)
            </p>
                        <div class="product-list-rating">
            </div>
<div id="snippet-productWidget-widgetCarousel-1akce-buy-27617-quantity">        <div class="product-quantity-control">
            <form action="/" method="post" class="ajax" id="frm-productWidget-widgetCarousel-1akce-buy-27617-quantityForm">
                <input type="text" name="quantity" size="3" id="frm-productWidget-widgetCarousel-1akce-buy-27617-quantityForm-quantity" data-nette-rules='[{"op":":integer","msg":"Množství musí být číslo."}]' value="1" aria-label="počet k přidání">
                <input type="submit" name="_submit" value="Přidat" class="product-quantity-control-submit plus" aria-label="přidat počet do košíku">
            <input type="hidden" name="do" value="productWidget-widgetCarousel-1akce-buy-27617-quantityForm-submit"><!--[if IE]><input type=IEbug disabled style="display:none"><![endif]-->
</form>

        </div>
</div>
                <p class="product-incart-info accessible">Produkt nemáte v košíku</p>


        </div>

        
    </div>
    <div id="product-append-40056" class="product-item">
        <div class="product-item-flags">
            <div class="flag-sale ">
                <span class="percents">7<small>&#37;</small></span>
            </div>
        </div>
        <div class="product-item-image">
                <a data-href="/?productWidget-widgetCarousel-1akce-id=40056&amp;do=productWidget-widgetCarousel-1akce-modal"
                   data-target="productWidget-widgetCarousel-1akce-productModal"
                   data-product-id="40056"
                   data-product-price="269"
                   data-page-title="Huhubamboo Silikonová podestýlka pro kočky 10l - pomeranč (4kg)"
                   data-page-path="/produkt/40056-huhubamboo-silikonova-podestylka-pro-kocky-10l-pomeranc-4kg"
                   data-user-id=""
                   aria-hidden="true"
                   data-kosikmodal-onclose="onProductModalDestroy"
                   onclick="kosikAjax.click(this, initModalCarousel(this))">
                    <img src="https://cdn.kosik.cz/content/product/jpg/list/placeholder.jpg" data-src="https://cdn.kosik.cz/content/product/jpg/list/57773.jpg" alt="Huhubamboo Silikonová podestýlka pro kočky 10l - pomeranč (4kg)" class="loading-images loading-image">
                </a>




        </div>
                <div class="product-item-info">
                <h5><a href="javascript:void(0)" aria-label="Huhubamboo Silikonová podestýlka pro kočky 10l - pomeranč (4kg)" data-href="/?productWidget-widgetCarousel-1akce-id=40056&amp;do=productWidget-widgetCarousel-1akce-modal" class="product-name modal-link"
                   data-target="productWidget-widgetCarousel-1akce-productModal" onclick="kosikAjax.click(this, initModalCarousel(this))">
                    Huhubamboo Silikonová podestýlka pro kočky 10l - pomeranč (4kg)
                    
                </a></h5>
            <p class="product-item-price product-in-discount">
                <span class="price-before-discount">
					<span><strong class="price">269,00 Kč</strong></span>
				</span>
                <strong class="price">249,00 Kč</strong>

            </p>
            <p class="product-item-unit">
                    (<strong class="price">24,90 Kč</strong> / l)
            </p>
                        <div class="product-list-rating">
            </div>
<div id="snippet-productWidget-widgetCarousel-1akce-buy-40056-quantity">        <div class="product-quantity-control">
            <form action="/" method="post" class="ajax" id="frm-productWidget-widgetCarousel-1akce-buy-40056-quantityForm">
                <input type="text" name="quantity" size="3" id="frm-productWidget-widgetCarousel-1akce-buy-40056-quantityForm-quantity" data-nette-rules='[{"op":":integer","msg":"Množství musí být číslo."}]' value="1" aria-label="počet k přidání">
                <input type="submit" name="_submit" value="Přidat" class="product-quantity-control-submit plus" aria-label="přidat počet do košíku">
            <input type="hidden" name="do" value="productWidget-widgetCarousel-1akce-buy-40056-quantityForm-submit"><!--[if IE]><input type=IEbug disabled style="display:none"><![endif]-->
</form>

        </div>
</div>
                <p class="product-incart-info accessible">Produkt nemáte v košíku</p>


        </div>

        
    </div>
    <div id="product-append-12706" class="product-item">
        <div class="product-item-flags">
            <div class="flag-sale ">
                <span class="percents">21<small>&#37;</small></span>
            </div>
        </div>
        <div class="product-item-image">
                <a data-href="/?productWidget-widgetCarousel-1akce-id=12706&amp;do=productWidget-widgetCarousel-1akce-modal"
                   data-target="productWidget-widgetCarousel-1akce-productModal"
                   data-product-id="12706"
                   data-product-price="37.9"
                   data-page-title="Penam Super sandwich světlý chléb pšeničný krájený 750g"
                   data-page-path="/produkt/12706-penam-super-sandwich-svetly-chleb-psenicny-krajeny-750g"
                   data-user-id=""
                   aria-hidden="true"
                   data-kosikmodal-onclose="onProductModalDestroy"
                   onclick="kosikAjax.click(this, initModalCarousel(this))">
                    <img src="https://cdn.kosik.cz/content/product/jpg/list/placeholder.jpg" data-src="https://cdn.kosik.cz/content/product/jpg/list/29973.jpg" alt="Penam Super sandwich světlý chléb pšeničný krájený 750g" class="loading-images loading-image">
                </a>




        </div>
                <div class="product-item-info">
                <h5><a href="javascript:void(0)" aria-label="Penam Super sandwich světlý chléb pšeničný krájený 750g" data-href="/?productWidget-widgetCarousel-1akce-id=12706&amp;do=productWidget-widgetCarousel-1akce-modal" class="product-name modal-link"
                   data-target="productWidget-widgetCarousel-1akce-productModal" onclick="kosikAjax.click(this, initModalCarousel(this))">
                    Penam Super sandwich světlý chléb pšeničný krájený 750g
                    
                </a></h5>
            <p class="product-item-price product-in-discount">
                <span class="price-before-discount">
					<span><strong class="price">37,90 Kč</strong></span>
				</span>
                <strong class="price">29,90 Kč</strong>

            </p>
            <p class="product-item-unit">
                    (<strong class="price">39,90 Kč</strong> / kg)
            </p>
                        <div class="product-list-rating">
            </div>
<div id="snippet-productWidget-widgetCarousel-1akce-buy-12706-quantity">        <div class="product-quantity-control">
            <form action="/" method="post" class="ajax" id="frm-productWidget-widgetCarousel-1akce-buy-12706-quantityForm">
                <input type="text" name="quantity" size="3" id="frm-productWidget-widgetCarousel-1akce-buy-12706-quantityForm-quantity" data-nette-rules='[{"op":":integer","msg":"Množství musí být číslo."}]' value="1" aria-label="počet k přidání">
                <input type="submit" name="_submit" value="Přidat" class="product-quantity-control-submit plus" aria-label="přidat počet do košíku">
            <input type="hidden" name="do" value="productWidget-widgetCarousel-1akce-buy-12706-quantityForm-submit"><!--[if IE]><input type=IEbug disabled style="display:none"><![endif]-->
</form>

        </div>
</div>
                <p class="product-incart-info accessible">Produkt nemáte v košíku</p>


        </div>

        
    </div>
    <div id="product-append-22834" class="product-item">
        <div class="product-item-flags">
            <div class="flag-sale ">
                <span class="percents">28<small>&#37;</small></span>
            </div>
        </div>
        <div class="product-item-image">
                <a data-href="/?productWidget-widgetCarousel-1akce-id=22834&amp;do=productWidget-widgetCarousel-1akce-modal"
                   data-target="productWidget-widgetCarousel-1akce-productModal"
                   data-product-id="22834"
                   data-product-price="64.9"
                   data-page-title="Limeñita FRESH&amp;COOL 100% Citrusová šťáva z více druhů ovoce 750ml"
                   data-page-path="/produkt/22834-limenita-fresh-cool-100-citrusova-stava-z-vice-druhu-ovoce-750ml"
                   data-user-id=""
                   aria-hidden="true"
                   data-kosikmodal-onclose="onProductModalDestroy"
                   onclick="kosikAjax.click(this, initModalCarousel(this))">
                    <img src="https://cdn.kosik.cz/content/product/jpg/list/placeholder.jpg" data-src="https://cdn.kosik.cz/content/product/jpg/list/40083.jpg" alt="Limeñita FRESH&amp;COOL 100% Citrusová šťáva z více druhů ovoce 750ml" class="loading-images loading-image">
                </a>




        </div>
                <div class="product-item-info">
                <h5><a href="javascript:void(0)" aria-label="Limeñita FRESH&amp;COOL 100% Citrusová šťáva z více druhů ovoce 750ml" data-href="/?productWidget-widgetCarousel-1akce-id=22834&amp;do=productWidget-widgetCarousel-1akce-modal" class="product-name modal-link"
                   data-target="productWidget-widgetCarousel-1akce-productModal" onclick="kosikAjax.click(this, initModalCarousel(this))">
                    Limeñita FRESH&amp;COOL 100% Citrusová šťáva z více druhů ovoce 750ml
                    
                </a></h5>
            <p class="product-item-price product-in-discount">
                <span class="price-before-discount">
					<span><strong class="price">64,90 Kč</strong></span>
				</span>
                <strong class="price">46,90 Kč</strong>

            </p>
            <p class="product-item-unit">
                    (<strong class="price">62,50 Kč</strong> / l)
            </p>
                        <div class="product-list-rating">
            </div>
<div id="snippet-productWidget-widgetCarousel-1akce-buy-22834-quantity">        <div class="product-quantity-control">
            <form action="/" method="post" class="ajax" id="frm-productWidget-widgetCarousel-1akce-buy-22834-quantityForm">
                <input type="text" name="quantity" size="3" id="frm-productWidget-widgetCarousel-1akce-buy-22834-quantityForm-quantity" data-nette-rules='[{"op":":integer","msg":"Množství musí být číslo."}]' value="1" aria-label="počet k přidání">
                <input type="submit" name="_submit" value="Přidat" class="product-quantity-control-submit plus" aria-label="přidat počet do košíku">
            <input type="hidden" name="do" value="productWidget-widgetCarousel-1akce-buy-22834-quantityForm-submit"><!--[if IE]><input type=IEbug disabled style="display:none"><![endif]-->
</form>

        </div>
</div>
                <p class="product-incart-info accessible">Produkt nemáte v košíku</p>


        </div>

        
    </div>
    <div id="product-append-44725" class="product-item">
        <div class="product-item-flags">
            <div class="flag-sale ">
                <span class="percents">21<small>&#37;</small></span>
            </div>
        </div>
        <div class="product-item-image">
                <a data-href="/?productWidget-widgetCarousel-1akce-id=44725&amp;do=productWidget-widgetCarousel-1akce-modal"
                   data-target="productWidget-widgetCarousel-1akce-productModal"
                   data-product-id="44725"
                   data-product-price="239"
                   data-page-title="Banquet Sada sklenic na sekt Leona 210ml, 6ks"
                   data-page-path="/produkt/44725-banquet-sada-sklenic-na-sekt-leona-210ml-6ks"
                   data-user-id=""
                   aria-hidden="true"
                   data-kosikmodal-onclose="onProductModalDestroy"
                   onclick="kosikAjax.click(this, initModalCarousel(this))">
                    <img src="https://cdn.kosik.cz/content/product/jpg/list/placeholder.jpg" data-src="https://cdn.kosik.cz/content/product/jpg/list/62442.jpg" alt="Banquet Sada sklenic na sekt Leona 210ml, 6ks" class="loading-images loading-image">
                </a>




        </div>
                <div class="product-item-info">
                <h5><a href="javascript:void(0)" aria-label="Banquet Sada sklenic na sekt Leona 210ml, 6ks" data-href="/?productWidget-widgetCarousel-1akce-id=44725&amp;do=productWidget-widgetCarousel-1akce-modal" class="product-name modal-link"
                   data-target="productWidget-widgetCarousel-1akce-productModal" onclick="kosikAjax.click(this, initModalCarousel(this))">
                    Banquet Sada sklenic na sekt Leona 210ml, 6ks
                    
                </a></h5>
            <p class="product-item-price product-in-discount">
                <span class="price-before-discount">
					<span><strong class="price">239,00 Kč</strong></span>
				</span>
                <strong class="price">189,00 Kč</strong>

            </p>
            <p class="product-item-unit">
                    (<strong class="price">31,50 Kč</strong> / ks)
            </p>
                        <div class="product-list-rating">
            </div>
<div id="snippet-productWidget-widgetCarousel-1akce-buy-44725-quantity">        <div class="product-quantity-control">
            <form action="/" method="post" class="ajax" id="frm-productWidget-widgetCarousel-1akce-buy-44725-quantityForm">
                <input type="text" name="quantity" size="3" id="frm-productWidget-widgetCarousel-1akce-buy-44725-quantityForm-quantity" data-nette-rules='[{"op":":integer","msg":"Množství musí být číslo."}]' value="1" aria-label="počet k přidání">
                <input type="submit" name="_submit" value="Přidat" class="product-quantity-control-submit plus" aria-label="přidat počet do košíku">
            <input type="hidden" name="do" value="productWidget-widgetCarousel-1akce-buy-44725-quantityForm-submit"><!--[if IE]><input type=IEbug disabled style="display:none"><![endif]-->
</form>

        </div>
</div>
                <p class="product-incart-info accessible">Produkt nemáte v košíku</p>


        </div>

        
    </div>
    <div id="product-append-42974" class="product-item">
        <div class="product-item-flags">
            <div class="flag-sale ">
                <span class="percents">28<small>&#37;</small></span>
            </div>
        </div>
        <div class="product-item-image">
                <a data-href="/?productWidget-widgetCarousel-1akce-id=42974&amp;do=productWidget-widgetCarousel-1akce-modal"
                   data-target="productWidget-widgetCarousel-1akce-productModal"
                   data-product-id="42974"
                   data-product-price="24.9"
                   data-page-title="Krásno Amálka šunka nejvyšší jakosti 100g"
                   data-page-path="/produkt/42974-krasno-amalka-sunka-nejvyssi-jakosti-100g"
                   data-user-id=""
                   aria-hidden="true"
                   data-kosikmodal-onclose="onProductModalDestroy"
                   onclick="kosikAjax.click(this, initModalCarousel(this))">
                    <img src="https://cdn.kosik.cz/content/product/jpg/list/placeholder.jpg" data-src="https://cdn.kosik.cz/content/product/jpg/list/60691.jpg" alt="Krásno Amálka šunka nejvyšší jakosti 100g" class="loading-images loading-image">
                </a>




        </div>
                <div class="product-item-info">
                <h5><a href="javascript:void(0)" aria-label="Krásno Amálka šunka nejvyšší jakosti 100g" data-href="/?productWidget-widgetCarousel-1akce-id=42974&amp;do=productWidget-widgetCarousel-1akce-modal" class="product-name modal-link"
                   data-target="productWidget-widgetCarousel-1akce-productModal" onclick="kosikAjax.click(this, initModalCarousel(this))">
                    Krásno Amálka šunka nejvyšší jakosti 100g
                    
                </a></h5>
            <p class="product-item-price product-in-discount">
                <span class="price-before-discount">
					<span><strong class="price">24,90 Kč</strong></span>
				</span>
                <strong class="price">17,90 Kč</strong>

            </p>
            <p class="product-item-unit">
                    (<strong class="price">179,00 Kč</strong> / kg)
            </p>
                        <div class="product-list-rating">
            </div>
<div id="snippet-productWidget-widgetCarousel-1akce-buy-42974-quantity">        <div class="product-quantity-control">
            <form action="/" method="post" class="ajax" id="frm-productWidget-widgetCarousel-1akce-buy-42974-quantityForm">
                <input type="text" name="quantity" size="3" id="frm-productWidget-widgetCarousel-1akce-buy-42974-quantityForm-quantity" data-nette-rules='[{"op":":integer","msg":"Množství musí být číslo."}]' value="1" aria-label="počet k přidání">
                <input type="submit" name="_submit" value="Přidat" class="product-quantity-control-submit plus" aria-label="přidat počet do košíku">
            <input type="hidden" name="do" value="productWidget-widgetCarousel-1akce-buy-42974-quantityForm-submit"><!--[if IE]><input type=IEbug disabled style="display:none"><![endif]-->
</form>

        </div>
</div>
                <p class="product-incart-info accessible">Produkt nemáte v košíku</p>


        </div>

        
    </div>
    <div id="product-append-25365" class="product-item">
        <div class="product-item-flags">
            <div class="flag-sale ">
                <span class="percents">21<small>&#37;</small></span>
            </div>
        </div>
        <div class="product-item-image">
                <a data-href="/?productWidget-widgetCarousel-1akce-id=25365&amp;do=productWidget-widgetCarousel-1akce-modal"
                   data-target="productWidget-widgetCarousel-1akce-productModal"
                   data-product-id="25365"
                   data-product-price="180.405"
                   data-page-title="Prominent Krůtí prsa uzená (cca 950g)"
                   data-page-path="/produkt/25365-prominent-kruti-prsa-uzena-cca-950g"
                   data-user-id=""
                   aria-hidden="true"
                   data-kosikmodal-onclose="onProductModalDestroy"
                   onclick="kosikAjax.click(this, initModalCarousel(this))">
                    <img src="https://cdn.kosik.cz/content/product/jpg/list/placeholder.jpg" data-src="https://cdn.kosik.cz/content/product/jpg/list/42644.jpg" alt="Prominent Krůtí prsa uzená (cca 950g)" class="loading-images loading-image">
                </a>




        </div>
                <div class="product-item-info">
                <h5><a href="javascript:void(0)" aria-label="Prominent Krůtí prsa uzená (cca 950g)" data-href="/?productWidget-widgetCarousel-1akce-id=25365&amp;do=productWidget-widgetCarousel-1akce-modal" class="product-name modal-link"
                   data-target="productWidget-widgetCarousel-1akce-productModal" onclick="kosikAjax.click(this, initModalCarousel(this))">
                    Prominent Krůtí prsa uzená (cca 950g)
                    
                </a></h5>
            <p class="product-item-price product-in-discount">
                <span class="price-before-discount">
					<span><strong class="price">180,40 Kč</strong></span>
				</span>
                <small class="circa-prefix">cca </small>
                <strong class="price">142,40 Kč</strong>

            </p>
            <p class="product-item-unit">
                    (<strong class="price">149,90 Kč</strong> / kg)
            </p>
                        <div class="product-list-rating">
            </div>
<div id="snippet-productWidget-widgetCarousel-1akce-buy-25365-quantity">        <div class="product-quantity-control">
            <form action="/" method="post" class="ajax" id="frm-productWidget-widgetCarousel-1akce-buy-25365-quantityForm">
                <input type="text" name="quantity" size="3" id="frm-productWidget-widgetCarousel-1akce-buy-25365-quantityForm-quantity" data-nette-rules='[{"op":":integer","msg":"Množství musí být číslo."}]' value="1" aria-label="počet k přidání">
                <input type="submit" name="_submit" value="Přidat" class="product-quantity-control-submit plus" aria-label="přidat počet do košíku">
            <input type="hidden" name="do" value="productWidget-widgetCarousel-1akce-buy-25365-quantityForm-submit"><!--[if IE]><input type=IEbug disabled style="display:none"><![endif]-->
</form>

        </div>
</div>
                <p class="product-incart-info accessible">Produkt nemáte v košíku</p>


        </div>

        
    </div>
    <div id="product-append-50177" class="product-item">
        <div class="product-item-flags">
            <div class="flag-sale ">
                <span class="percents">22<small>&#37;</small></span>
            </div>
        </div>
        <div class="product-item-image">
                <a data-href="/?productWidget-widgetCarousel-1akce-id=50177&amp;do=productWidget-widgetCarousel-1akce-modal"
                   data-target="productWidget-widgetCarousel-1akce-productModal"
                   data-product-id="50177"
                   data-product-price="87.9"
                   data-page-title="Aplica Sváteční vánočka 600g"
                   data-page-path="/produkt/50177-aplica-svatecni-vanocka-600g"
                   data-user-id=""
                   aria-hidden="true"
                   data-kosikmodal-onclose="onProductModalDestroy"
                   onclick="kosikAjax.click(this, initModalCarousel(this))">
                    <img src="https://cdn.kosik.cz/content/product/jpg/list/placeholder.jpg" data-src="https://cdn.kosik.cz/content/product/jpg/list/67771.jpg" alt="Aplica Sváteční vánočka 600g" class="loading-images loading-image">
                </a>




        </div>
                <div class="product-item-info">
                <h5><a href="javascript:void(0)" aria-label="Aplica Sváteční vánočka 600g" data-href="/?productWidget-widgetCarousel-1akce-id=50177&amp;do=productWidget-widgetCarousel-1akce-modal" class="product-name modal-link"
                   data-target="productWidget-widgetCarousel-1akce-productModal" onclick="kosikAjax.click(this, initModalCarousel(this))">
                    Aplica Sváteční vánočka 600g
                    
                </a></h5>
            <p class="product-item-price product-in-discount">
                <span class="price-before-discount">
					<span><strong class="price">87,90 Kč</strong></span>
				</span>
                <strong class="price">68,90 Kč</strong>

            </p>
            <p class="product-item-unit">
                    (<strong class="price">114,80 Kč</strong> / kg)
            </p>
                        <div class="product-list-rating">
            </div>
<div id="snippet-productWidget-widgetCarousel-1akce-buy-50177-quantity">        <div class="product-quantity-control">
            <form action="/" method="post" class="ajax" id="frm-productWidget-widgetCarousel-1akce-buy-50177-quantityForm">
                <input type="text" name="quantity" size="3" id="frm-productWidget-widgetCarousel-1akce-buy-50177-quantityForm-quantity" data-nette-rules='[{"op":":integer","msg":"Množství musí být číslo."}]' value="1" aria-label="počet k přidání">
                <input type="submit" name="_submit" value="Přidat" class="product-quantity-control-submit plus" aria-label="přidat počet do košíku">
            <input type="hidden" name="do" value="productWidget-widgetCarousel-1akce-buy-50177-quantityForm-submit"><!--[if IE]><input type=IEbug disabled style="display:none"><![endif]-->
</form>

        </div>
</div>
                <p class="product-incart-info accessible">Produkt nemáte v košíku</p>


        </div>

        
    </div>
    <div id="product-append-38960" class="product-item">
        <div class="product-item-flags">
            <div class="flag-sale ">
                <span class="percents">29<small>&#37;</small></span>
            </div>
        </div>
        <div class="product-item-image">
                <a data-href="/?productWidget-widgetCarousel-1akce-id=38960&amp;do=productWidget-widgetCarousel-1akce-modal"
                   data-target="productWidget-widgetCarousel-1akce-productModal"
                   data-product-id="38960"
                   data-product-price="6.9"
                   data-page-title="La Lorraine Katalánská bageta malá klasik mražená 80g KS"
                   data-page-path="/produkt/38960-la-lorraine-katalanska-bageta-mala-klasik-mrazena-80g-ks"
                   data-user-id=""
                   aria-hidden="true"
                   data-kosikmodal-onclose="onProductModalDestroy"
                   onclick="kosikAjax.click(this, initModalCarousel(this))">
                    <img src="https://cdn.kosik.cz/content/product/jpg/list/placeholder.jpg" data-src="https://cdn.kosik.cz/content/product/jpg/list/56677.jpg" alt="La Lorraine Katalánská bageta malá klasik mražená 80g KS" class="loading-images loading-image">
                </a>




        </div>
                <div class="product-item-info">
                <h5><a href="javascript:void(0)" aria-label="La Lorraine Katalánská bageta malá klasik mražená 80g KS" data-href="/?productWidget-widgetCarousel-1akce-id=38960&amp;do=productWidget-widgetCarousel-1akce-modal" class="product-name modal-link"
                   data-target="productWidget-widgetCarousel-1akce-productModal" onclick="kosikAjax.click(this, initModalCarousel(this))">
                    La Lorraine Katalánská bageta malá klasik mražená 80g KS
                    <br><span class="new-product">Novinka</span>
                </a></h5>
            <p class="product-item-price product-in-discount">
                <span class="price-before-discount">
					<span><strong class="price">6,90 Kč</strong></span>
				</span>
                <strong class="price">4,90 Kč</strong>

            </p>
            <p class="product-item-unit">
                    (<strong class="price">61,30 Kč</strong> / kg)
            </p>
                        <div class="product-list-rating">
            </div>
<div id="snippet-productWidget-widgetCarousel-1akce-buy-38960-quantity">        <div class="product-quantity-control">
            <form action="/" method="post" class="ajax" id="frm-productWidget-widgetCarousel-1akce-buy-38960-quantityForm">
                <input type="text" name="quantity" size="3" id="frm-productWidget-widgetCarousel-1akce-buy-38960-quantityForm-quantity" data-nette-rules='[{"op":":integer","msg":"Množství musí být číslo."}]' value="1" aria-label="počet k přidání">
                <input type="submit" name="_submit" value="Přidat" class="product-quantity-control-submit plus" aria-label="přidat počet do košíku">
            <input type="hidden" name="do" value="productWidget-widgetCarousel-1akce-buy-38960-quantityForm-submit"><!--[if IE]><input type=IEbug disabled style="display:none"><![endif]-->
</form>

        </div>
</div>
                <p class="product-incart-info accessible">Produkt nemáte v košíku</p>


        </div>

        
    </div>
    <div id="product-append-21394" class="product-item">
        <div class="product-item-flags">
            <div class="flag-sale ">
                <span class="percents">7<small>&#37;</small></span>
            </div>
        </div>
        <div class="product-item-image">
                <a data-href="/?productWidget-widgetCarousel-1akce-id=21394&amp;do=productWidget-widgetCarousel-1akce-modal"
                   data-target="productWidget-widgetCarousel-1akce-productModal"
                   data-product-id="21394"
                   data-product-price="269"
                   data-page-title="Huhubamboo silikonová podestýlka pro kočky 10l - mentol (4kg)"
                   data-page-path="/produkt/21394-huhubamboo-silikonova-podestylka-pro-kocky-10l-mentol-4kg"
                   data-user-id=""
                   aria-hidden="true"
                   data-kosikmodal-onclose="onProductModalDestroy"
                   onclick="kosikAjax.click(this, initModalCarousel(this))">
                    <img src="https://cdn.kosik.cz/content/product/jpg/list/placeholder.jpg" data-src="https://cdn.kosik.cz/content/product/jpg/list/38647.jpg" alt="Huhubamboo silikonová podestýlka pro kočky 10l - mentol (4kg)" class="loading-images loading-image">
                </a>




        </div>
                <div class="product-item-info">
                <h5><a href="javascript:void(0)" aria-label="Huhubamboo silikonová podestýlka pro kočky 10l - mentol (4kg)" data-href="/?productWidget-widgetCarousel-1akce-id=21394&amp;do=productWidget-widgetCarousel-1akce-modal" class="product-name modal-link"
                   data-target="productWidget-widgetCarousel-1akce-productModal" onclick="kosikAjax.click(this, initModalCarousel(this))">
                    Huhubamboo silikonová podestýlka pro kočky 10l - mentol (4kg)
                    
                </a></h5>
            <p class="product-item-price product-in-discount">
                <span class="price-before-discount">
					<span><strong class="price">269,00 Kč</strong></span>
				</span>
                <strong class="price">249,00 Kč</strong>

            </p>
            <p class="product-item-unit">
                    (<strong class="price">24,90 Kč</strong> / l)
            </p>
                        <div class="product-list-rating">
            </div>
<div id="snippet-productWidget-widgetCarousel-1akce-buy-21394-quantity">        <div class="product-quantity-control">
            <form action="/" method="post" class="ajax" id="frm-productWidget-widgetCarousel-1akce-buy-21394-quantityForm">
                <input type="text" name="quantity" size="3" id="frm-productWidget-widgetCarousel-1akce-buy-21394-quantityForm-quantity" data-nette-rules='[{"op":":integer","msg":"Množství musí být číslo."}]' value="1" aria-label="počet k přidání">
                <input type="submit" name="_submit" value="Přidat" class="product-quantity-control-submit plus" aria-label="přidat počet do košíku">
            <input type="hidden" name="do" value="productWidget-widgetCarousel-1akce-buy-21394-quantityForm-submit"><!--[if IE]><input type=IEbug disabled style="display:none"><![endif]-->
</form>

        </div>
</div>
                <p class="product-incart-info accessible">Produkt nemáte v košíku</p>


        </div>

        
    </div>
    <div id="product-append-49546" class="product-item">
        <div class="product-item-flags">
            <div class="flag-sale ">
                <span class="percents">30<small>&#37;</small></span>
            </div>
        </div>
        <div class="product-item-image">
                <a data-href="/?productWidget-widgetCarousel-1akce-id=49546&amp;do=productWidget-widgetCarousel-1akce-modal"
                   data-target="productWidget-widgetCarousel-1akce-productModal"
                   data-product-id="49546"
                   data-product-price="9.9"
                   data-page-title="Vandemoortele Mini koblížek s nugátem 25g KS"
                   data-page-path="/produkt/49546-vandemoortele-mini-koblizek-s-nugatem-25g-ks"
                   data-user-id=""
                   aria-hidden="true"
                   data-kosikmodal-onclose="onProductModalDestroy"
                   onclick="kosikAjax.click(this, initModalCarousel(this))">
                    <img src="https://cdn.kosik.cz/content/product/jpg/list/placeholder.jpg" data-src="https://cdn.kosik.cz/content/product/jpg/list/67111.jpg" alt="Vandemoortele Mini koblížek s nugátem 25g KS" class="loading-images loading-image">
                </a>




        </div>
                <div class="product-item-info">
                <h5><a href="javascript:void(0)" aria-label="Vandemoortele Mini koblížek s nugátem 25g KS" data-href="/?productWidget-widgetCarousel-1akce-id=49546&amp;do=productWidget-widgetCarousel-1akce-modal" class="product-name modal-link"
                   data-target="productWidget-widgetCarousel-1akce-productModal" onclick="kosikAjax.click(this, initModalCarousel(this))">
                    Vandemoortele Mini koblížek s nugátem 25g KS
                    
                </a></h5>
            <p class="product-item-price product-in-discount">
                <span class="price-before-discount">
					<span><strong class="price">9,90 Kč</strong></span>
				</span>
                <strong class="price">6,90 Kč</strong>

            </p>
            <p class="product-item-unit">
                    (<strong class="price">276,00 Kč</strong> / kg)
            </p>
                        <div class="product-list-rating">
            </div>
<div id="snippet-productWidget-widgetCarousel-1akce-buy-49546-quantity">        <div class="product-quantity-control">
            <form action="/" method="post" class="ajax" id="frm-productWidget-widgetCarousel-1akce-buy-49546-quantityForm">
                <input type="text" name="quantity" size="3" id="frm-productWidget-widgetCarousel-1akce-buy-49546-quantityForm-quantity" data-nette-rules='[{"op":":integer","msg":"Množství musí být číslo."}]' value="1" aria-label="počet k přidání">
                <input type="submit" name="_submit" value="Přidat" class="product-quantity-control-submit plus" aria-label="přidat počet do košíku">
            <input type="hidden" name="do" value="productWidget-widgetCarousel-1akce-buy-49546-quantityForm-submit"><!--[if IE]><input type=IEbug disabled style="display:none"><![endif]-->
</form>

        </div>
</div>
                <p class="product-incart-info accessible">Produkt nemáte v košíku</p>


        </div>

        
    </div>
    <div id="product-append-12512" class="product-item">
        <div class="product-item-flags">
            <div class="flag-sale ">
                <span class="percents">27<small>&#37;</small></span>
            </div>
        </div>
        <div class="product-item-image">
                <a data-href="/?productWidget-widgetCarousel-1akce-id=12512&amp;do=productWidget-widgetCarousel-1akce-modal"
                   data-target="productWidget-widgetCarousel-1akce-productModal"
                   data-product-id="12512"
                   data-product-price="33.9"
                   data-page-title="Alufix Papír na pečení - formát 38x42cm, 20ks"
                   data-page-path="/produkt/12512-alufix-papir-na-peceni-format-38x42cm-20ks"
                   data-user-id=""
                   aria-hidden="true"
                   data-kosikmodal-onclose="onProductModalDestroy"
                   onclick="kosikAjax.click(this, initModalCarousel(this))">
                    <img src="https://cdn.kosik.cz/content/product/jpg/list/placeholder.jpg" data-src="https://cdn.kosik.cz/content/product/jpg/list/29795.jpg" alt="Alufix Papír na pečení - formát 38x42cm, 20ks" class="loading-images loading-image">
                </a>




        </div>
                <div class="product-item-info">
                <h5><a href="javascript:void(0)" aria-label="Alufix Papír na pečení - formát 38x42cm, 20ks" data-href="/?productWidget-widgetCarousel-1akce-id=12512&amp;do=productWidget-widgetCarousel-1akce-modal" class="product-name modal-link"
                   data-target="productWidget-widgetCarousel-1akce-productModal" onclick="kosikAjax.click(this, initModalCarousel(this))">
                    Alufix Papír na pečení - formát 38x42cm, 20ks
                    
                </a></h5>
            <p class="product-item-price product-in-discount">
                <span class="price-before-discount">
					<span><strong class="price">33,90 Kč</strong></span>
				</span>
                <strong class="price">24,90 Kč</strong>

            </p>
            <p class="product-item-unit">
                    (<strong class="price">1,20 Kč</strong> / ks)
            </p>
                        <div class="product-list-rating">
            </div>
<div id="snippet-productWidget-widgetCarousel-1akce-buy-12512-quantity">        <div class="product-quantity-control">
            <form action="/" method="post" class="ajax" id="frm-productWidget-widgetCarousel-1akce-buy-12512-quantityForm">
                <input type="text" name="quantity" size="3" id="frm-productWidget-widgetCarousel-1akce-buy-12512-quantityForm-quantity" data-nette-rules='[{"op":":integer","msg":"Množství musí být číslo."}]' value="1" aria-label="počet k přidání">
                <input type="submit" name="_submit" value="Přidat" class="product-quantity-control-submit plus" aria-label="přidat počet do košíku">
            <input type="hidden" name="do" value="productWidget-widgetCarousel-1akce-buy-12512-quantityForm-submit"><!--[if IE]><input type=IEbug disabled style="display:none"><![endif]-->
</form>

        </div>
</div>
                <p class="product-incart-info accessible">Produkt nemáte v košíku</p>


        </div>

        
    </div>
    <div id="product-append-10749" class="product-item">
        <div class="product-item-flags">
            <div class="flag-sale ">
                <span class="percents">28<small>&#37;</small></span>
            </div>
        </div>
        <div class="product-item-image">
                <a data-href="/?productWidget-widgetCarousel-1akce-id=10749&amp;do=productWidget-widgetCarousel-1akce-modal"
                   data-target="productWidget-widgetCarousel-1akce-productModal"
                   data-product-id="10749"
                   data-product-price="59.9"
                   data-page-title="Fa Fresh &amp; Dry Deosprej Zelený čaj 150ml"
                   data-page-path="/produkt/10749-fa-fresh-dry-deosprej-zeleny-caj-150ml"
                   data-user-id=""
                   aria-hidden="true"
                   data-kosikmodal-onclose="onProductModalDestroy"
                   onclick="kosikAjax.click(this, initModalCarousel(this))">
                    <img src="https://cdn.kosik.cz/content/product/jpg/list/placeholder.jpg" data-src="https://cdn.kosik.cz/content/product/jpg/list/28403.jpg" alt="Fa Fresh &amp; Dry Deosprej Zelený čaj 150ml" class="loading-images loading-image">
                </a>




        </div>
                <div class="product-item-info">
                <h5><a href="javascript:void(0)" aria-label="Fa Fresh &amp; Dry Deosprej Zelený čaj 150ml" data-href="/?productWidget-widgetCarousel-1akce-id=10749&amp;do=productWidget-widgetCarousel-1akce-modal" class="product-name modal-link"
                   data-target="productWidget-widgetCarousel-1akce-productModal" onclick="kosikAjax.click(this, initModalCarousel(this))">
                    Fa Fresh &amp; Dry Deosprej Zelený čaj 150ml
                    
                </a></h5>
            <p class="product-item-price product-in-discount">
                <span class="price-before-discount">
					<span><strong class="price">59,90 Kč</strong></span>
				</span>
                <strong class="price">42,90 Kč</strong>

            </p>
            <p class="product-item-unit">
                    (<strong class="price">286,00 Kč</strong> / l)
            </p>
                        <div class="product-list-rating">
            </div>
<div id="snippet-productWidget-widgetCarousel-1akce-buy-10749-quantity">        <div class="product-quantity-control">
            <form action="/" method="post" class="ajax" id="frm-productWidget-widgetCarousel-1akce-buy-10749-quantityForm">
                <input type="text" name="quantity" size="3" id="frm-productWidget-widgetCarousel-1akce-buy-10749-quantityForm-quantity" data-nette-rules='[{"op":":integer","msg":"Množství musí být číslo."}]' value="1" aria-label="počet k přidání">
                <input type="submit" name="_submit" value="Přidat" class="product-quantity-control-submit plus" aria-label="přidat počet do košíku">
            <input type="hidden" name="do" value="productWidget-widgetCarousel-1akce-buy-10749-quantityForm-submit"><!--[if IE]><input type=IEbug disabled style="display:none"><![endif]-->
</form>

        </div>
</div>
                <p class="product-incart-info accessible">Produkt nemáte v košíku</p>


        </div>

        
    </div>
    <div id="product-append-46673" class="product-item">
        <div class="product-item-flags">
            <div class="flag-sale ">
                <span class="percents">50<small>&#37;</small></span>
            </div>
        </div>
        <div class="product-item-image">
                <a data-href="/?productWidget-widgetCarousel-1akce-id=46673&amp;do=productWidget-widgetCarousel-1akce-modal"
                   data-target="productWidget-widgetCarousel-1akce-productModal"
                   data-product-id="46673"
                   data-product-price="49.9"
                   data-page-title="Air Wick Svíčka Růžové květy středomoří 30g"
                   data-page-path="/produkt/46673-air-wick-svicka-ruzove-kvety-stredomori-30g"
                   data-user-id=""
                   aria-hidden="true"
                   data-kosikmodal-onclose="onProductModalDestroy"
                   onclick="kosikAjax.click(this, initModalCarousel(this))">
                    <img src="https://cdn.kosik.cz/content/product/jpg/list/placeholder.jpg" data-src="https://cdn.kosik.cz/content/product/jpg/list/64186.jpg" alt="Air Wick Svíčka Růžové květy středomoří 30g" class="loading-images loading-image">
                </a>




        </div>
                <div class="product-item-info">
                <h5><a href="javascript:void(0)" aria-label="Air Wick Svíčka Růžové květy středomoří 30g" data-href="/?productWidget-widgetCarousel-1akce-id=46673&amp;do=productWidget-widgetCarousel-1akce-modal" class="product-name modal-link"
                   data-target="productWidget-widgetCarousel-1akce-productModal" onclick="kosikAjax.click(this, initModalCarousel(this))">
                    Air Wick Svíčka Růžové květy středomoří 30g
                    
                </a></h5>
            <p class="product-item-price product-in-discount">
                <span class="price-before-discount">
					<span><strong class="price">49,90 Kč</strong></span>
				</span>
                <strong class="price">24,90 Kč</strong>

            </p>
            <p class="product-item-unit">
                    (<strong class="price">24,90 Kč</strong> / ks)
            </p>
                        <div class="product-list-rating">
            </div>
<div id="snippet-productWidget-widgetCarousel-1akce-buy-46673-quantity">        <div class="product-quantity-control">
            <form action="/" method="post" class="ajax" id="frm-productWidget-widgetCarousel-1akce-buy-46673-quantityForm">
                <input type="text" name="quantity" size="3" id="frm-productWidget-widgetCarousel-1akce-buy-46673-quantityForm-quantity" data-nette-rules='[{"op":":integer","msg":"Množství musí být číslo."}]' value="1" aria-label="počet k přidání">
                <input type="submit" name="_submit" value="Přidat" class="product-quantity-control-submit plus" aria-label="přidat počet do košíku">
            <input type="hidden" name="do" value="productWidget-widgetCarousel-1akce-buy-46673-quantityForm-submit"><!--[if IE]><input type=IEbug disabled style="display:none"><![endif]-->
</form>

        </div>
</div>
                <p class="product-incart-info accessible">Produkt nemáte v košíku</p>


        </div>

        
    </div>
    <div id="product-append-49603" class="product-item">
        <div class="product-item-flags">
            <div class="flag-sale ">
                <span class="percents">10<small>&#37;</small></span>
            </div>
        </div>
        <div class="product-item-image">
                <a data-href="/?productWidget-widgetCarousel-1akce-id=49603&amp;do=productWidget-widgetCarousel-1akce-modal"
                   data-target="productWidget-widgetCarousel-1akce-productModal"
                   data-product-id="49603"
                   data-product-price="199"
                   data-page-title="Retlux RXL 203 řetěz vánoční 50LED 5+5m MC TM"
                   data-page-path="/produkt/49603-retlux-rxl-203-retez-vanocni-50led-5-5m-mc-tm"
                   data-user-id=""
                   aria-hidden="true"
                   data-kosikmodal-onclose="onProductModalDestroy"
                   onclick="kosikAjax.click(this, initModalCarousel(this))">
                    <img src="https://cdn.kosik.cz/content/product/jpg/list/placeholder.jpg" data-src="https://cdn.kosik.cz/content/product/jpg/list/67171.jpg" alt="Retlux RXL 203 řetěz vánoční 50LED 5+5m MC TM" class="loading-images loading-image">
                </a>




        </div>
                <div class="product-item-info">
                <h5><a href="javascript:void(0)" aria-label="Retlux RXL 203 řetěz vánoční 50LED 5+5m MC TM" data-href="/?productWidget-widgetCarousel-1akce-id=49603&amp;do=productWidget-widgetCarousel-1akce-modal" class="product-name modal-link"
                   data-target="productWidget-widgetCarousel-1akce-productModal" onclick="kosikAjax.click(this, initModalCarousel(this))">
                    Retlux RXL 203 řetěz vánoční 50LED 5+5m MC TM
                    <br><span class="new-product">Novinka</span>
                </a></h5>
            <p class="product-item-price product-in-discount">
                <span class="price-before-discount">
					<span><strong class="price">199,00 Kč</strong></span>
				</span>
                <strong class="price">179,00 Kč</strong>

            </p>
            <p class="product-item-unit">
                    (<strong class="price">179,00 Kč</strong> / ks)
            </p>
                        <div class="product-list-rating">
            </div>
<div id="snippet-productWidget-widgetCarousel-1akce-buy-49603-quantity">        <div class="product-quantity-control">
            <form action="/" method="post" class="ajax" id="frm-productWidget-widgetCarousel-1akce-buy-49603-quantityForm">
                <input type="text" name="quantity" size="3" id="frm-productWidget-widgetCarousel-1akce-buy-49603-quantityForm-quantity" data-nette-rules='[{"op":":integer","msg":"Množství musí být číslo."}]' value="1" aria-label="počet k přidání">
                <input type="submit" name="_submit" value="Přidat" class="product-quantity-control-submit plus" aria-label="přidat počet do košíku">
            <input type="hidden" name="do" value="productWidget-widgetCarousel-1akce-buy-49603-quantityForm-submit"><!--[if IE]><input type=IEbug disabled style="display:none"><![endif]-->
</form>

        </div>
</div>
                <p class="product-incart-info accessible">Produkt nemáte v košíku</p>


        </div>

        
    </div>
    <div id="product-append-11608" class="product-item">
        <div class="product-item-flags">
            <div class="flag-sale ">
                <span class="percents">31<small>&#37;</small></span>
            </div>
        </div>
        <div class="product-item-image">
                <a data-href="/?productWidget-widgetCarousel-1akce-id=11608&amp;do=productWidget-widgetCarousel-1akce-modal"
                   data-target="productWidget-widgetCarousel-1akce-productModal"
                   data-product-id="11608"
                   data-product-price="31.9"
                   data-page-title="Le &amp; Co Venkovská šunka nejvyšší jakosti 100g"
                   data-page-path="/produkt/11608-le-co-venkovska-sunka-nejvyssi-jakosti-100g"
                   data-user-id=""
                   aria-hidden="true"
                   data-kosikmodal-onclose="onProductModalDestroy"
                   onclick="kosikAjax.click(this, initModalCarousel(this))">
                    <img src="https://cdn.kosik.cz/content/product/jpg/list/placeholder.jpg" data-src="https://cdn.kosik.cz/content/product/jpg/list/29084.jpg" alt="Le &amp; Co Venkovská šunka nejvyšší jakosti 100g" class="loading-images loading-image">
                </a>




        </div>
                <div class="product-item-info">
                <h5><a href="javascript:void(0)" aria-label="Le &amp; Co Venkovská šunka nejvyšší jakosti 100g" data-href="/?productWidget-widgetCarousel-1akce-id=11608&amp;do=productWidget-widgetCarousel-1akce-modal" class="product-name modal-link"
                   data-target="productWidget-widgetCarousel-1akce-productModal" onclick="kosikAjax.click(this, initModalCarousel(this))">
                    Le &amp; Co Venkovská šunka nejvyšší jakosti 100g
                    
                </a></h5>
            <p class="product-item-price product-in-discount">
                <span class="price-before-discount">
					<span><strong class="price">31,90 Kč</strong></span>
				</span>
                <strong class="price">21,90 Kč</strong>

            </p>
            <p class="product-item-unit">
                    (<strong class="price">219,00 Kč</strong> / kg)
            </p>
                        <div class="product-list-rating">
            </div>
<div id="snippet-productWidget-widgetCarousel-1akce-buy-11608-quantity">        <div class="product-quantity-control">
            <form action="/" method="post" class="ajax" id="frm-productWidget-widgetCarousel-1akce-buy-11608-quantityForm">
                <input type="text" name="quantity" size="3" id="frm-productWidget-widgetCarousel-1akce-buy-11608-quantityForm-quantity" data-nette-rules='[{"op":":integer","msg":"Množství musí být číslo."}]' value="1" aria-label="počet k přidání">
                <input type="submit" name="_submit" value="Přidat" class="product-quantity-control-submit plus" aria-label="přidat počet do košíku">
            <input type="hidden" name="do" value="productWidget-widgetCarousel-1akce-buy-11608-quantityForm-submit"><!--[if IE]><input type=IEbug disabled style="display:none"><![endif]-->
</form>

        </div>
</div>
                <p class="product-incart-info accessible">Produkt nemáte v košíku</p>


        </div>

        
    </div>
    <div id="product-append-51855" class="product-item">
        <div class="product-item-flags">
            <div class="flag-sale ">
                <span class="percents">25<small>&#37;</small></span>
            </div>
        </div>
        <div class="product-item-image">
                <a data-href="/?productWidget-widgetCarousel-1akce-id=51855&amp;do=productWidget-widgetCarousel-1akce-modal"
                   data-target="productWidget-widgetCarousel-1akce-productModal"
                   data-product-id="51855"
                   data-product-price="399"
                   data-page-title="Banquet sada sklenic na sekt Degustation 220ml 6ks"
                   data-page-path="/produkt/51855-banquet-sada-sklenic-na-sekt-degustation-220ml-6ks"
                   data-user-id=""
                   aria-hidden="true"
                   data-kosikmodal-onclose="onProductModalDestroy"
                   onclick="kosikAjax.click(this, initModalCarousel(this))">
                    <img src="https://cdn.kosik.cz/content/product/jpg/list/placeholder.jpg" data-src="https://cdn.kosik.cz/content/product/jpg/list/69430.jpg" alt="Banquet sada sklenic na sekt Degustation 220ml 6ks" class="loading-images loading-image">
                </a>




        </div>
                <div class="product-item-info">
                <h5><a href="javascript:void(0)" aria-label="Banquet sada sklenic na sekt Degustation 220ml 6ks" data-href="/?productWidget-widgetCarousel-1akce-id=51855&amp;do=productWidget-widgetCarousel-1akce-modal" class="product-name modal-link"
                   data-target="productWidget-widgetCarousel-1akce-productModal" onclick="kosikAjax.click(this, initModalCarousel(this))">
                    Banquet sada sklenic na sekt Degustation 220ml 6ks
                    
                </a></h5>
            <p class="product-item-price product-in-discount">
                <span class="price-before-discount">
					<span><strong class="price">399,00 Kč</strong></span>
				</span>
                <strong class="price">299,00 Kč</strong>

            </p>
            <p class="product-item-unit">
                    (<strong class="price">49,80 Kč</strong> / ks)
            </p>
                        <div class="product-list-rating">
            </div>
<div id="snippet-productWidget-widgetCarousel-1akce-buy-51855-quantity">        <div class="product-quantity-control">
            <form action="/" method="post" class="ajax" id="frm-productWidget-widgetCarousel-1akce-buy-51855-quantityForm">
                <input type="text" name="quantity" size="3" id="frm-productWidget-widgetCarousel-1akce-buy-51855-quantityForm-quantity" data-nette-rules='[{"op":":integer","msg":"Množství musí být číslo."}]' value="1" aria-label="počet k přidání">
                <input type="submit" name="_submit" value="Přidat" class="product-quantity-control-submit plus" aria-label="přidat počet do košíku">
            <input type="hidden" name="do" value="productWidget-widgetCarousel-1akce-buy-51855-quantityForm-submit"><!--[if IE]><input type=IEbug disabled style="display:none"><![endif]-->
</form>

        </div>
</div>
                <p class="product-incart-info accessible">Produkt nemáte v košíku</p>


        </div>

        
    </div>
    <div id="product-append-52433" class="product-item">
        <div class="product-item-flags">
            <div class="flag-sale ">
                <span class="percents">27<small>&#37;</small></span>
            </div>
        </div>
        <div class="product-item-image">
                <a data-href="/?productWidget-widgetCarousel-1akce-id=52433&amp;do=productWidget-widgetCarousel-1akce-modal"
                   data-target="productWidget-widgetCarousel-1akce-productModal"
                   data-product-id="52433"
                   data-product-price="44.9"
                   data-page-title="Tommi Napáječka Colortone 150ml"
                   data-page-path="/produkt/52433-tommi-napajecka-colortone-150ml"
                   data-user-id=""
                   aria-hidden="true"
                   data-kosikmodal-onclose="onProductModalDestroy"
                   onclick="kosikAjax.click(this, initModalCarousel(this))">
                    <img src="https://cdn.kosik.cz/content/product/jpg/list/placeholder.jpg" data-src="https://cdn.kosik.cz/content/product/jpg/list/70035.jpg" alt="Tommi Napáječka Colortone 150ml" class="loading-images loading-image">
                </a>




        </div>
                <div class="product-item-info">
                <h5><a href="javascript:void(0)" aria-label="Tommi Napáječka Colortone 150ml" data-href="/?productWidget-widgetCarousel-1akce-id=52433&amp;do=productWidget-widgetCarousel-1akce-modal" class="product-name modal-link"
                   data-target="productWidget-widgetCarousel-1akce-productModal" onclick="kosikAjax.click(this, initModalCarousel(this))">
                    Tommi Napáječka Colortone 150ml
                    <br><span class="new-product">Novinka</span>
                </a></h5>
            <p class="product-item-price product-in-discount">
                <span class="price-before-discount">
					<span><strong class="price">44,90 Kč</strong></span>
				</span>
                <strong class="price">32,90 Kč</strong>

            </p>
            <p class="product-item-unit">
                    (<strong class="price">32,90 Kč</strong> / ks)
            </p>
                        <div class="product-list-rating">
            </div>
<div id="snippet-productWidget-widgetCarousel-1akce-buy-52433-quantity">        <div class="product-quantity-control">
            <form action="/" method="post" class="ajax" id="frm-productWidget-widgetCarousel-1akce-buy-52433-quantityForm">
                <input type="text" name="quantity" size="3" id="frm-productWidget-widgetCarousel-1akce-buy-52433-quantityForm-quantity" data-nette-rules='[{"op":":integer","msg":"Množství musí být číslo."}]' value="1" aria-label="počet k přidání">
                <input type="submit" name="_submit" value="Přidat" class="product-quantity-control-submit plus" aria-label="přidat počet do košíku">
            <input type="hidden" name="do" value="productWidget-widgetCarousel-1akce-buy-52433-quantityForm-submit"><!--[if IE]><input type=IEbug disabled style="display:none"><![endif]-->
</form>

        </div>
</div>
                <p class="product-incart-info accessible">Produkt nemáte v košíku</p>


        </div>

        
    </div>
    <div id="product-append-22430" class="product-item">
        <div class="product-item-flags">
            <div class="flag-sale ">
                <span class="percents">32<small>&#37;</small></span>
            </div>
        </div>
        <div class="product-item-image">
                <a data-href="/?productWidget-widgetCarousel-1akce-id=22430&amp;do=productWidget-widgetCarousel-1akce-modal"
                   data-target="productWidget-widgetCarousel-1akce-productModal"
                   data-product-id="22430"
                   data-product-price="33.9"
                   data-page-title="Felix Party mixed grill 60g"
                   data-page-path="/produkt/22430-felix-party-mixed-grill-60g"
                   data-user-id=""
                   aria-hidden="true"
                   data-kosikmodal-onclose="onProductModalDestroy"
                   onclick="kosikAjax.click(this, initModalCarousel(this))">
                    <img src="https://cdn.kosik.cz/content/product/jpg/list/placeholder.jpg" data-src="https://cdn.kosik.cz/content/product/jpg/list/39679.jpg" alt="Felix Party mixed grill 60g" class="loading-images loading-image">
                </a>




        </div>
                <div class="product-item-info">
                <h5><a href="javascript:void(0)" aria-label="Felix Party mixed grill 60g" data-href="/?productWidget-widgetCarousel-1akce-id=22430&amp;do=productWidget-widgetCarousel-1akce-modal" class="product-name modal-link"
                   data-target="productWidget-widgetCarousel-1akce-productModal" onclick="kosikAjax.click(this, initModalCarousel(this))">
                    Felix Party mixed grill 60g
                    
                </a></h5>
            <p class="product-item-price product-in-discount">
                <span class="price-before-discount">
					<span><strong class="price">33,90 Kč</strong></span>
				</span>
                <strong class="price">22,90 Kč</strong>

            </p>
            <p class="product-item-unit">
                    (<strong class="price">22,90 Kč</strong> / ks)
            </p>
                        <div class="product-list-rating">
            </div>
<div id="snippet-productWidget-widgetCarousel-1akce-buy-22430-quantity">        <div class="product-quantity-control">
            <form action="/" method="post" class="ajax" id="frm-productWidget-widgetCarousel-1akce-buy-22430-quantityForm">
                <input type="text" name="quantity" size="3" id="frm-productWidget-widgetCarousel-1akce-buy-22430-quantityForm-quantity" data-nette-rules='[{"op":":integer","msg":"Množství musí být číslo."}]' value="1" aria-label="počet k přidání">
                <input type="submit" name="_submit" value="Přidat" class="product-quantity-control-submit plus" aria-label="přidat počet do košíku">
            <input type="hidden" name="do" value="productWidget-widgetCarousel-1akce-buy-22430-quantityForm-submit"><!--[if IE]><input type=IEbug disabled style="display:none"><![endif]-->
</form>

        </div>
</div>
                <p class="product-incart-info accessible">Produkt nemáte v košíku</p>


        </div>

        
    </div>
    <div id="product-append-42985" class="product-item">
        <div class="product-item-flags">
            <div class="flag-sale ">
                <span class="percents">28<small>&#37;</small></span>
            </div>
        </div>
        <div class="product-item-image">
                <a data-href="/?productWidget-widgetCarousel-1akce-id=42985&amp;do=productWidget-widgetCarousel-1akce-modal"
                   data-target="productWidget-widgetCarousel-1akce-productModal"
                   data-product-id="42985"
                   data-product-price="31.9"
                   data-page-title="Felix Party mix Cheezy Mix 60g"
                   data-page-path="/produkt/42985-felix-party-mix-cheezy-mix-60g"
                   data-user-id=""
                   aria-hidden="true"
                   data-kosikmodal-onclose="onProductModalDestroy"
                   onclick="kosikAjax.click(this, initModalCarousel(this))">
                    <img src="https://cdn.kosik.cz/content/product/jpg/list/placeholder.jpg" data-src="https://cdn.kosik.cz/content/product/jpg/list/60702.jpg" alt="Felix Party mix Cheezy Mix 60g" class="loading-images loading-image">
                </a>




        </div>
                <div class="product-item-info">
                <h5><a href="javascript:void(0)" aria-label="Felix Party mix Cheezy Mix 60g" data-href="/?productWidget-widgetCarousel-1akce-id=42985&amp;do=productWidget-widgetCarousel-1akce-modal" class="product-name modal-link"
                   data-target="productWidget-widgetCarousel-1akce-productModal" onclick="kosikAjax.click(this, initModalCarousel(this))">
                    Felix Party mix Cheezy Mix 60g
                    
                </a></h5>
            <p class="product-item-price product-in-discount">
                <span class="price-before-discount">
					<span><strong class="price">31,90 Kč</strong></span>
				</span>
                <strong class="price">22,90 Kč</strong>

            </p>
            <p class="product-item-unit">
                    (<strong class="price">22,90 Kč</strong> / ks)
            </p>
                        <div class="product-list-rating">
            </div>
<div id="snippet-productWidget-widgetCarousel-1akce-buy-42985-quantity">        <div class="product-quantity-control">
            <form action="/" method="post" class="ajax" id="frm-productWidget-widgetCarousel-1akce-buy-42985-quantityForm">
                <input type="text" name="quantity" size="3" id="frm-productWidget-widgetCarousel-1akce-buy-42985-quantityForm-quantity" data-nette-rules='[{"op":":integer","msg":"Množství musí být číslo."}]' value="1" aria-label="počet k přidání">
                <input type="submit" name="_submit" value="Přidat" class="product-quantity-control-submit plus" aria-label="přidat počet do košíku">
            <input type="hidden" name="do" value="productWidget-widgetCarousel-1akce-buy-42985-quantityForm-submit"><!--[if IE]><input type=IEbug disabled style="display:none"><![endif]-->
</form>

        </div>
</div>
                <p class="product-incart-info accessible">Produkt nemáte v košíku</p>


        </div>

        
    </div>
    <div id="product-append-43207" class="product-item">
        <div class="product-item-flags">
            <div class="flag-sale ">
                <span class="percents">28<small>&#37;</small></span>
            </div>
        </div>
        <div class="product-item-image">
                <a data-href="/?productWidget-widgetCarousel-1akce-id=43207&amp;do=productWidget-widgetCarousel-1akce-modal"
                   data-target="productWidget-widgetCarousel-1akce-productModal"
                   data-product-id="43207"
                   data-product-price="89.9"
                   data-page-title="Alufix Papír na pečení archy 33x42cm 50ks"
                   data-page-path="/produkt/43207-alufix-papir-na-peceni-archy-33x42cm-50ks"
                   data-user-id=""
                   aria-hidden="true"
                   data-kosikmodal-onclose="onProductModalDestroy"
                   onclick="kosikAjax.click(this, initModalCarousel(this))">
                    <img src="https://cdn.kosik.cz/content/product/jpg/list/placeholder.jpg" data-src="https://cdn.kosik.cz/content/product/jpg/list/60924.jpg" alt="Alufix Papír na pečení archy 33x42cm 50ks" class="loading-images loading-image">
                </a>




        </div>
                <div class="product-item-info">
                <h5><a href="javascript:void(0)" aria-label="Alufix Papír na pečení archy 33x42cm 50ks" data-href="/?productWidget-widgetCarousel-1akce-id=43207&amp;do=productWidget-widgetCarousel-1akce-modal" class="product-name modal-link"
                   data-target="productWidget-widgetCarousel-1akce-productModal" onclick="kosikAjax.click(this, initModalCarousel(this))">
                    Alufix Papír na pečení archy 33x42cm 50ks
                    
                </a></h5>
            <p class="product-item-price product-in-discount">
                <span class="price-before-discount">
					<span><strong class="price">89,90 Kč</strong></span>
				</span>
                <strong class="price">64,90 Kč</strong>

            </p>
            <p class="product-item-unit">
                    (<strong class="price">1,30 Kč</strong> / ks)
            </p>
                        <div class="product-list-rating">
            </div>
<div id="snippet-productWidget-widgetCarousel-1akce-buy-43207-quantity">        <div class="product-quantity-control">
            <form action="/" method="post" class="ajax" id="frm-productWidget-widgetCarousel-1akce-buy-43207-quantityForm">
                <input type="text" name="quantity" size="3" id="frm-productWidget-widgetCarousel-1akce-buy-43207-quantityForm-quantity" data-nette-rules='[{"op":":integer","msg":"Množství musí být číslo."}]' value="1" aria-label="počet k přidání">
                <input type="submit" name="_submit" value="Přidat" class="product-quantity-control-submit plus" aria-label="přidat počet do košíku">
            <input type="hidden" name="do" value="productWidget-widgetCarousel-1akce-buy-43207-quantityForm-submit"><!--[if IE]><input type=IEbug disabled style="display:none"><![endif]-->
</form>

        </div>
</div>
                <p class="product-incart-info accessible">Produkt nemáte v košíku</p>


        </div>

        
    </div>
    <div id="product-append-6495" class="product-item">
        <div class="product-item-flags">
            <div class="flag-sale ">
                <span class="percents">22<small>&#37;</small></span>
            </div>
        </div>
        <div class="product-item-image">
                <a data-href="/?productWidget-widgetCarousel-1akce-id=6495&amp;do=productWidget-widgetCarousel-1akce-modal"
                   data-target="productWidget-widgetCarousel-1akce-productModal"
                   data-product-id="6495"
                   data-product-price="139.9"
                   data-page-title="Purina One Junior s kuřecím a celozrnnými obilovinami 800g"
                   data-page-path="/produkt/6495-purina-one-junior-s-kurecim-a-celozrnnymi-obilovinami-800g"
                   data-user-id=""
                   aria-hidden="true"
                   data-kosikmodal-onclose="onProductModalDestroy"
                   onclick="kosikAjax.click(this, initModalCarousel(this))">
                    <img src="https://cdn.kosik.cz/content/product/jpg/list/placeholder.jpg" data-src="https://cdn.kosik.cz/content/product/jpg/list/8473.jpg" alt="Purina One Junior s kuřecím a celozrnnými obilovinami 800g" class="loading-images loading-image">
                </a>




        </div>
                <div class="product-item-info">
                <h5><a href="javascript:void(0)" aria-label="Purina One Junior s kuřecím a celozrnnými obilovinami 800g" data-href="/?productWidget-widgetCarousel-1akce-id=6495&amp;do=productWidget-widgetCarousel-1akce-modal" class="product-name modal-link"
                   data-target="productWidget-widgetCarousel-1akce-productModal" onclick="kosikAjax.click(this, initModalCarousel(this))">
                    Purina One Junior s kuřecím a celozrnnými obilovinami 800g
                    
                </a></h5>
            <p class="product-item-price product-in-discount">
                <span class="price-before-discount">
					<span><strong class="price">139,90 Kč</strong></span>
				</span>
                <strong class="price">109,00 Kč</strong>

            </p>
            <p class="product-item-unit">
                    (<strong class="price">136,30 Kč</strong> / kg)
            </p>
                        <div class="product-list-rating">
            </div>
<div id="snippet-productWidget-widgetCarousel-1akce-buy-6495-quantity">        <div class="product-quantity-control">
            <form action="/" method="post" class="ajax" id="frm-productWidget-widgetCarousel-1akce-buy-6495-quantityForm">
                <input type="text" name="quantity" size="3" id="frm-productWidget-widgetCarousel-1akce-buy-6495-quantityForm-quantity" data-nette-rules='[{"op":":integer","msg":"Množství musí být číslo."}]' value="1" aria-label="počet k přidání">
                <input type="submit" name="_submit" value="Přidat" class="product-quantity-control-submit plus" aria-label="přidat počet do košíku">
            <input type="hidden" name="do" value="productWidget-widgetCarousel-1akce-buy-6495-quantityForm-submit"><!--[if IE]><input type=IEbug disabled style="display:none"><![endif]-->
</form>

        </div>
</div>
                <p class="product-incart-info accessible">Produkt nemáte v košíku</p>


        </div>

        
    </div>
    <div id="product-append-21336" class="product-item">
        <div class="product-item-flags">
            <div class="flag-sale ">
                <span class="percents">12<small>&#37;</small></span>
            </div>
        </div>
        <div class="product-item-image">
                <a data-href="/?productWidget-widgetCarousel-1akce-id=21336&amp;do=productWidget-widgetCarousel-1akce-modal"
                   data-target="productWidget-widgetCarousel-1akce-productModal"
                   data-product-id="21336"
                   data-product-price="249"
                   data-page-title="Huhubamboo silikonová podestýlka pro kočky 10l - neparfémovaná (4kg)"
                   data-page-path="/produkt/21336-huhubamboo-silikonova-podestylka-pro-kocky-10l-neparfemovana-4kg"
                   data-user-id=""
                   aria-hidden="true"
                   data-kosikmodal-onclose="onProductModalDestroy"
                   onclick="kosikAjax.click(this, initModalCarousel(this))">
                    <img src="https://cdn.kosik.cz/content/product/jpg/list/placeholder.jpg" data-src="https://cdn.kosik.cz/content/product/jpg/list/38589.jpg" alt="Huhubamboo silikonová podestýlka pro kočky 10l - neparfémovaná (4kg)" class="loading-images loading-image">
                </a>




        </div>
                <div class="product-item-info">
                <h5><a href="javascript:void(0)" aria-label="Huhubamboo silikonová podestýlka pro kočky 10l - neparfémovaná (4kg)" data-href="/?productWidget-widgetCarousel-1akce-id=21336&amp;do=productWidget-widgetCarousel-1akce-modal" class="product-name modal-link"
                   data-target="productWidget-widgetCarousel-1akce-productModal" onclick="kosikAjax.click(this, initModalCarousel(this))">
                    Huhubamboo silikonová podestýlka pro kočky 10l - neparfémovaná (4kg)
                    
                </a></h5>
            <p class="product-item-price product-in-discount">
                <span class="price-before-discount">
					<span><strong class="price">249,00 Kč</strong></span>
				</span>
                <strong class="price">219,00 Kč</strong>

            </p>
            <p class="product-item-unit">
                    (<strong class="price">21,90 Kč</strong> / l)
            </p>
                        <div class="product-list-rating">
            </div>
<div id="snippet-productWidget-widgetCarousel-1akce-buy-21336-quantity">        <div class="product-quantity-control">
            <form action="/" method="post" class="ajax" id="frm-productWidget-widgetCarousel-1akce-buy-21336-quantityForm">
                <input type="text" name="quantity" size="3" id="frm-productWidget-widgetCarousel-1akce-buy-21336-quantityForm-quantity" data-nette-rules='[{"op":":integer","msg":"Množství musí být číslo."}]' value="1" aria-label="počet k přidání">
                <input type="submit" name="_submit" value="Přidat" class="product-quantity-control-submit plus" aria-label="přidat počet do košíku">
            <input type="hidden" name="do" value="productWidget-widgetCarousel-1akce-buy-21336-quantityForm-submit"><!--[if IE]><input type=IEbug disabled style="display:none"><![endif]-->
</form>

        </div>
</div>
                <p class="product-incart-info accessible">Produkt nemáte v košíku</p>


        </div>

        
    </div>
    <div id="product-append-49602" class="product-item">
        <div class="product-item-flags">
            <div class="flag-sale ">
                <span class="percents">10<small>&#37;</small></span>
            </div>
        </div>
        <div class="product-item-image">
                <a data-href="/?productWidget-widgetCarousel-1akce-id=49602&amp;do=productWidget-widgetCarousel-1akce-modal"
                   data-target="productWidget-widgetCarousel-1akce-productModal"
                   data-product-id="49602"
                   data-product-price="199"
                   data-page-title="Retlux RXL 202 řetěz vánoční 50LED 5+5m WW TM"
                   data-page-path="/produkt/49602-retlux-rxl-202-retez-vanocni-50led-5-5m-ww-tm"
                   data-user-id=""
                   aria-hidden="true"
                   data-kosikmodal-onclose="onProductModalDestroy"
                   onclick="kosikAjax.click(this, initModalCarousel(this))">
                    <img src="https://cdn.kosik.cz/content/product/jpg/list/placeholder.jpg" data-src="https://cdn.kosik.cz/content/product/jpg/list/67170.jpg" alt="Retlux RXL 202 řetěz vánoční 50LED 5+5m WW TM" class="loading-images loading-image">
                </a>




        </div>
                <div class="product-item-info">
                <h5><a href="javascript:void(0)" aria-label="Retlux RXL 202 řetěz vánoční 50LED 5+5m WW TM" data-href="/?productWidget-widgetCarousel-1akce-id=49602&amp;do=productWidget-widgetCarousel-1akce-modal" class="product-name modal-link"
                   data-target="productWidget-widgetCarousel-1akce-productModal" onclick="kosikAjax.click(this, initModalCarousel(this))">
                    Retlux RXL 202 řetěz vánoční 50LED 5+5m WW TM
                    <br><span class="new-product">Novinka</span>
                </a></h5>
            <p class="product-item-price product-in-discount">
                <span class="price-before-discount">
					<span><strong class="price">199,00 Kč</strong></span>
				</span>
                <strong class="price">179,00 Kč</strong>

            </p>
            <p class="product-item-unit">
                    (<strong class="price">179,00 Kč</strong> / ks)
            </p>
                        <div class="product-list-rating">
            </div>
<div id="snippet-productWidget-widgetCarousel-1akce-buy-49602-quantity">        <div class="product-quantity-control">
            <form action="/" method="post" class="ajax" id="frm-productWidget-widgetCarousel-1akce-buy-49602-quantityForm">
                <input type="text" name="quantity" size="3" id="frm-productWidget-widgetCarousel-1akce-buy-49602-quantityForm-quantity" data-nette-rules='[{"op":":integer","msg":"Množství musí být číslo."}]' value="1" aria-label="počet k přidání">
                <input type="submit" name="_submit" value="Přidat" class="product-quantity-control-submit plus" aria-label="přidat počet do košíku">
            <input type="hidden" name="do" value="productWidget-widgetCarousel-1akce-buy-49602-quantityForm-submit"><!--[if IE]><input type=IEbug disabled style="display:none"><![endif]-->
</form>

        </div>
</div>
                <p class="product-incart-info accessible">Produkt nemáte v košíku</p>


        </div>

        
    </div>
    <div id="product-append-6492" class="product-item">
        <div class="product-item-flags">
            <div class="flag-sale ">
                <span class="percents">22<small>&#37;</small></span>
            </div>
        </div>
        <div class="product-item-image">
                <a data-href="/?productWidget-widgetCarousel-1akce-id=6492&amp;do=productWidget-widgetCarousel-1akce-modal"
                   data-target="productWidget-widgetCarousel-1akce-productModal"
                   data-product-id="6492"
                   data-product-price="139.9"
                   data-page-title="Purina One Adult s kuřecím a celozrnnými obilovinami 800g"
                   data-page-path="/produkt/6492-purina-one-adult-s-kurecim-a-celozrnnymi-obilovinami-800g"
                   data-user-id=""
                   aria-hidden="true"
                   data-kosikmodal-onclose="onProductModalDestroy"
                   onclick="kosikAjax.click(this, initModalCarousel(this))">
                    <img src="https://cdn.kosik.cz/content/product/jpg/list/placeholder.jpg" data-src="https://cdn.kosik.cz/content/product/jpg/list/8470.jpg" alt="Purina One Adult s kuřecím a celozrnnými obilovinami 800g" class="loading-images loading-image">
                </a>




        </div>
                <div class="product-item-info">
                <h5><a href="javascript:void(0)" aria-label="Purina One Adult s kuřecím a celozrnnými obilovinami 800g" data-href="/?productWidget-widgetCarousel-1akce-id=6492&amp;do=productWidget-widgetCarousel-1akce-modal" class="product-name modal-link"
                   data-target="productWidget-widgetCarousel-1akce-productModal" onclick="kosikAjax.click(this, initModalCarousel(this))">
                    Purina One Adult s kuřecím a celozrnnými obilovinami 800g
                    
                </a></h5>
            <p class="product-item-price product-in-discount">
                <span class="price-before-discount">
					<span><strong class="price">139,90 Kč</strong></span>
				</span>
                <strong class="price">109,00 Kč</strong>

            </p>
            <p class="product-item-unit">
                    (<strong class="price">136,30 Kč</strong> / kg)
            </p>
                        <div class="product-list-rating">
            </div>
<div id="snippet-productWidget-widgetCarousel-1akce-buy-6492-quantity">        <div class="product-quantity-control">
            <form action="/" method="post" class="ajax" id="frm-productWidget-widgetCarousel-1akce-buy-6492-quantityForm">
                <input type="text" name="quantity" size="3" id="frm-productWidget-widgetCarousel-1akce-buy-6492-quantityForm-quantity" data-nette-rules='[{"op":":integer","msg":"Množství musí být číslo."}]' value="1" aria-label="počet k přidání">
                <input type="submit" name="_submit" value="Přidat" class="product-quantity-control-submit plus" aria-label="přidat počet do košíku">
            <input type="hidden" name="do" value="productWidget-widgetCarousel-1akce-buy-6492-quantityForm-submit"><!--[if IE]><input type=IEbug disabled style="display:none"><![endif]-->
</form>

        </div>
</div>
                <p class="product-incart-info accessible">Produkt nemáte v košíku</p>


        </div>

        
    </div>
    <div id="product-append-49159" class="product-item">
        <div class="product-item-flags">
            <div class="flag-sale ">
                <span class="percents">18<small>&#37;</small></span>
            </div>
        </div>
        <div class="product-item-image">
                <a data-href="/?productWidget-widgetCarousel-1akce-id=49159&amp;do=productWidget-widgetCarousel-1akce-modal"
                   data-target="productWidget-widgetCarousel-1akce-productModal"
                   data-product-id="49159"
                   data-product-price="269"
                   data-page-title="LEGO City Džungle - začátečnická sada"
                   data-page-path="/produkt/49159-lego-city-dzungle-zacatecnicka-sada"
                   data-user-id=""
                   aria-hidden="true"
                   data-kosikmodal-onclose="onProductModalDestroy"
                   onclick="kosikAjax.click(this, initModalCarousel(this))">
                    <img src="https://cdn.kosik.cz/content/product/jpg/list/placeholder.jpg" data-src="https://cdn.kosik.cz/content/product/jpg/list/66715.jpg" alt="LEGO City Džungle - začátečnická sada" class="loading-images loading-image">
                </a>




        </div>
                <div class="product-item-info">
                <h5><a href="javascript:void(0)" aria-label="LEGO City Džungle - začátečnická sada" data-href="/?productWidget-widgetCarousel-1akce-id=49159&amp;do=productWidget-widgetCarousel-1akce-modal" class="product-name modal-link"
                   data-target="productWidget-widgetCarousel-1akce-productModal" onclick="kosikAjax.click(this, initModalCarousel(this))">
                    LEGO City Džungle - začátečnická sada
                    <br><span class="new-product">Novinka</span>
                </a></h5>
            <p class="product-item-price product-in-discount">
                <span class="price-before-discount">
					<span><strong class="price">269,00 Kč</strong></span>
				</span>
                <strong class="price">220,00 Kč</strong>

            </p>
            <p class="product-item-unit">
                    (<strong class="price">220,00 Kč</strong> / ks)
            </p>
                        <div class="product-list-rating">
            </div>
<div id="snippet-productWidget-widgetCarousel-1akce-buy-49159-quantity">        <div class="product-quantity-control">
            <form action="/" method="post" class="ajax" id="frm-productWidget-widgetCarousel-1akce-buy-49159-quantityForm">
                <input type="text" name="quantity" size="3" id="frm-productWidget-widgetCarousel-1akce-buy-49159-quantityForm-quantity" data-nette-rules='[{"op":":integer","msg":"Množství musí být číslo."}]' value="1" aria-label="počet k přidání">
                <input type="submit" name="_submit" value="Přidat" class="product-quantity-control-submit plus" aria-label="přidat počet do košíku">
            <input type="hidden" name="do" value="productWidget-widgetCarousel-1akce-buy-49159-quantityForm-submit"><!--[if IE]><input type=IEbug disabled style="display:none"><![endif]-->
</form>

        </div>
</div>
                <p class="product-incart-info accessible">Produkt nemáte v košíku</p>


        </div>

        
    </div>
    <div id="product-append-50178" class="product-item">
        <div class="product-item-flags">
            <div class="flag-sale ">
                <span class="percents">43<small>&#37;</small></span>
            </div>
        </div>
        <div class="product-item-image">
                <a data-href="/?productWidget-widgetCarousel-1akce-id=50178&amp;do=productWidget-widgetCarousel-1akce-modal"
                   data-target="productWidget-widgetCarousel-1akce-productModal"
                   data-product-id="50178"
                   data-product-price="349"
                   data-page-title="Aplica Katčino máslové vánoční cukroví 500g"
                   data-page-path="/produkt/50178-aplica-katcino-maslove-vanocni-cukrovi-500g"
                   data-user-id=""
                   aria-hidden="true"
                   data-kosikmodal-onclose="onProductModalDestroy"
                   onclick="kosikAjax.click(this, initModalCarousel(this))">
                    <img src="https://cdn.kosik.cz/content/product/jpg/list/placeholder.jpg" data-src="https://cdn.kosik.cz/content/product/jpg/list/67772.jpg" alt="Aplica Katčino máslové vánoční cukroví 500g" class="loading-images loading-image">
                </a>




        </div>
                <div class="product-item-info">
                <h5><a href="javascript:void(0)" aria-label="Aplica Katčino máslové vánoční cukroví 500g" data-href="/?productWidget-widgetCarousel-1akce-id=50178&amp;do=productWidget-widgetCarousel-1akce-modal" class="product-name modal-link"
                   data-target="productWidget-widgetCarousel-1akce-productModal" onclick="kosikAjax.click(this, initModalCarousel(this))">
                    Aplica Katčino máslové vánoční cukroví 500g
                    <br><span class="new-product">Novinka</span>
                </a></h5>
            <p class="product-item-price product-in-discount">
                <span class="price-before-discount">
					<span><strong class="price">349,00 Kč</strong></span>
				</span>
                <strong class="price">199,00 Kč</strong>

            </p>
            <p class="product-item-unit">
                    (<strong class="price">398,00 Kč</strong> / kg)
            </p>
                        <div class="product-list-rating">
            </div>
<div id="snippet-productWidget-widgetCarousel-1akce-buy-50178-quantity">        <div class="product-quantity-control">
            <form action="/" method="post" class="ajax" id="frm-productWidget-widgetCarousel-1akce-buy-50178-quantityForm">
                <input type="text" name="quantity" size="3" id="frm-productWidget-widgetCarousel-1akce-buy-50178-quantityForm-quantity" data-nette-rules='[{"op":":integer","msg":"Množství musí být číslo."}]' value="1" aria-label="počet k přidání">
                <input type="submit" name="_submit" value="Přidat" class="product-quantity-control-submit plus" aria-label="přidat počet do košíku">
            <input type="hidden" name="do" value="productWidget-widgetCarousel-1akce-buy-50178-quantityForm-submit"><!--[if IE]><input type=IEbug disabled style="display:none"><![endif]-->
</form>

        </div>
</div>
                <p class="product-incart-info accessible">Produkt nemáte v košíku</p>


        </div>

        
    </div>
</div>

<div class="kosik-modal-overlay product-modal" id="productWidget-widgetCarousel-1akce-productModal" role="dialog">
    <div class="kosik-modal-inner large super-scaled" id="snippet-productWidget-widgetCarousel-1akce-productModalArea">
    </div>
</div>


<div class="kosik-modal-overlay" id="productWidget-widgetCarousel-1akce-productSetModal" role="dialog">
    <div class="kosik-modal-inner large super-scaled" id="snippet-productWidget-widgetCarousel-1akce-productSetModalArea">
    </div>
</div>
			</div>
		</div>


			<div class="full-width-illusion">
				<h3 class="full-width-strong-title" id="christmas-inspiration">Vánoční inspirace</h3>
				<div class="region region-special-category-tile christmas">
					<div class="region-inner">
						<div class="triple-tile first">
							<div class="tile long-tile" style="background-color: #000">
								<a href="/vanoce/darky" title="Výprodej dárků">
									<h4 class="tile-title">Výprodej dárků</h4> <!--<span class="start-special">Začíná již brzy</span>-->
									<img src="/css/images/tmp/hp/christmas/christmas-presents.jpg" alt="">
									<span class="show-button" aria-hidden="true"></span>
								</a>
							</div>
							<div class="short-wrapper">
								<div class="tile short-tile"  style="background-color: #000">
									<a href="/delikatesy" title="Delikatesy">
										<h4 class="tile-title">Delikatesy</h4>
										<img src="/css/images/tmp/hp/christmas/special-category-tile-c.png" alt="">
										<span class="show-button" aria-hidden="true"></span>
									</a>
								</div>
								<div class="tile short-tile"  style="background-color: #000">
									<a  href="/vanoce/dekorace" title="Dekorace">
										<h4 class="tile-title">Dekorace</h4>
										<img src="/css/images/tmp/hp/christmas/special-category-tile-d.png" alt="">
										<span class="show-button" aria-hidden="true"></span>
									</a>
								</div>
							</div>

						</div>
						<div class="tile single-tile first"  style="background-color: #000">
							<a href="/silvestr-na-kosiku" title="Silvestr">
								<h4 class="tile-title">Silvestr</h4>
								<img src="/css/images/tmp/hp/christmas/new-years-eve.jpg" alt="">
								<span class="show-button" aria-hidden="true"></span>
							</a>
						</div>
						<div class="tile single-tile second"  style="background-color: #000">
							<a href="/specialni-nabidka/syrovy-special" title="Lahodné sýry">
								<h4 class="tile-title">Lahodné sýry</h4>
								<img src="/css/images/tmp/hp/christmas/cheese.jpg" alt="">
								<span class="show-button" aria-hidden="true"></span>
							</a>
						</div>
						<div class="triple-tile second">
							<div class="tile long-tile"  style="background-color: #000">
								<a title="Sváteční tabule" href="/svatecni-tabule">
									<h4 class="tile-title">Sváteční tabule</h4>
									<img src="/css/images/tmp/hp/christmas/special-category-tile-f.png" alt="">
									<span class="show-button" aria-hidden="true"></span>
								</a>
							</div>
							<div class="short-wrapper">
								<div class="tile short-tile"  style="background-color: #000">
									<a href="/napoje/vina" title="Vína">
										<h4 class="tile-title">Vína</h4>
										<img src="/css/images/tmp/hp/christmas/wines.jpg" alt="">
										<span class="show-button" aria-hidden="true"></span>
									</a>
								</div>
								<div class="tile short-tile"  style="background-color: #000">
									<a href="/poctive-piti" title="Poctivé pití">
										<h4 class="tile-title">Poctivé pití</h4>
										<img src="/css/images/tmp/hp/christmas/honest-drinks.jpg" alt="">
										<span class="show-button" aria-hidden="true"></span>
									</a>
								</div>
							</div>
						</div>
					</div>
				</div>
			</div>

		<div class="region region-carousel region-products no-aside product-widget">
			<div class="home-product-widget region-inner region-products-inner slick-carousel" data-open="4" data-close="5">
				<div class="block block-title">
					<h3>Doporučujeme</h3>
				</div>
<script async>

    var onProductModalDestroy = function() {

    	var pageData = window.dataLayer[0];

        pageData["event"] = "ga.pageview";
        pageData["pagePath"] = window.location.pathname;
        pageData["pageTitle"] = window.document.title;

	    dataLayer.push(pageData);
    };
</script>
<div class="block block-product-items product-items" data-ajax-append="product-item" id="snippet-productWidget-widgetCarousel-1-productListArea">
    <div id="product-append-7633" class="product-item">
        <div class="product-item-flags">
        </div>
        <div class="product-item-image">
                <a data-href="/?productWidget-widgetCarousel-1-id=7633&amp;do=productWidget-widgetCarousel-1-modal"
                   data-target="productWidget-widgetCarousel-1-productModal"
                   data-product-id="7633"
                   data-product-price="37.9"
                   data-page-title="Avokádo &quot;Ready to Eat&quot; (cca 160g)"
                   data-page-path="/produkt/7633-avokado-ready-to-eat-cca-160g"
                   data-user-id=""
                   aria-hidden="true"
                   data-kosikmodal-onclose="onProductModalDestroy"
                   onclick="kosikAjax.click(this, initModalCarousel(this))">
                    <img src="https://cdn.kosik.cz/content/product/jpg/list-retina/placeholder.jpg" data-src="https://cdn.kosik.cz/content/product/jpg/list-retina/12532.jpg" alt="Avokádo &quot;Ready to Eat&quot; (cca 160g)" class="loading-images loading-image">
                </a>




        </div>
                <div class="product-item-info">
                <h5><a href="javascript:void(0)" aria-label="Avokádo &quot;Ready to Eat&quot; (cca 160g)" data-href="/?productWidget-widgetCarousel-1-id=7633&amp;do=productWidget-widgetCarousel-1-modal" class="product-name modal-link"
                   data-target="productWidget-widgetCarousel-1-productModal" onclick="kosikAjax.click(this, initModalCarousel(this))">
                    Avokádo "Ready to Eat" (cca 160g)
                    
                </a></h5>
            <p class="product-item-price ">
                <span class="price-before-discount">
				</span>
                <strong class="price">37,90 Kč</strong>

            </p>
            <p class="product-item-unit">
                    (<strong class="price">236,90 Kč</strong> / kg)
            </p>
                        <div class="product-list-rating">
                <span><ul class="rating"><li class="rating-children rating-1 up" data-rating="1"><i class="fa fa-star"></i></li><li class="rating-children rating-2 up" data-rating="2"><i class="fa fa-star"></i></li><li class="rating-children rating-3 up" data-rating="3"><i class="fa fa-star"></i></li><li class="rating-children rating-4 down" data-rating="4"><i class="fa fa-star"></i></li><li class="rating-children rating-5 down" data-rating="5"><i class="fa fa-star"></i></li></ul></span>
            </div>
<div id="snippet-productWidget-widgetCarousel-1-buy-7633-quantity">        <div class="product-quantity-control">
            <form action="/" method="post" class="ajax" id="frm-productWidget-widgetCarousel-1-buy-7633-quantityForm">
                <input type="text" name="quantity" size="3" id="frm-productWidget-widgetCarousel-1-buy-7633-quantityForm-quantity" data-nette-rules='[{"op":":integer","msg":"Množství musí být číslo."}]' value="1" aria-label="počet k přidání">
                <input type="submit" name="_submit" value="Přidat" class="product-quantity-control-submit plus" aria-label="přidat počet do košíku">
            <input type="hidden" name="do" value="productWidget-widgetCarousel-1-buy-7633-quantityForm-submit"><!--[if IE]><input type=IEbug disabled style="display:none"><![endif]-->
</form>

        </div>
</div>
                <p class="product-incart-info accessible">Produkt nemáte v košíku</p>


        </div>

        
    </div>
    <div id="product-append-49370" class="product-item">
        <div class="product-item-flags">
            <div class="flag-sale ">
                <span class="percents">10<small>&#37;</small></span>
            </div>
        </div>
        <div class="product-item-image">
                <a data-href="/?productWidget-widgetCarousel-1-id=49370&amp;do=productWidget-widgetCarousel-1-modal"
                   data-target="productWidget-widgetCarousel-1-productModal"
                   data-product-id="49370"
                   data-product-price="199.9"
                   data-page-title="Orion Vánoční kolekce rodinná 370g"
                   data-page-path="/produkt/49370-orion-vanocni-kolekce-rodinna-370g"
                   data-user-id=""
                   aria-hidden="true"
                   data-kosikmodal-onclose="onProductModalDestroy"
                   onclick="kosikAjax.click(this, initModalCarousel(this))">
                    <img src="https://cdn.kosik.cz/content/product/jpg/list-retina/placeholder.jpg" data-src="https://cdn.kosik.cz/content/product/jpg/list-retina/66932.jpg" alt="Orion Vánoční kolekce rodinná 370g" class="loading-images loading-image">
                </a>




        </div>
                <div class="product-item-info">
                <h5><a href="javascript:void(0)" aria-label="Orion Vánoční kolekce rodinná 370g" data-href="/?productWidget-widgetCarousel-1-id=49370&amp;do=productWidget-widgetCarousel-1-modal" class="product-name modal-link"
                   data-target="productWidget-widgetCarousel-1-productModal" onclick="kosikAjax.click(this, initModalCarousel(this))">
                    Orion Vánoční kolekce rodinná 370g
                    
                </a></h5>
            <p class="product-item-price product-in-discount">
                <span class="price-before-discount">
					<span><strong class="price">199,90 Kč</strong></span>
				</span>
                <strong class="price">179,90 Kč</strong>

            </p>
            <p class="product-item-unit">
                    (<strong class="price">486,20 Kč</strong> / kg)
            </p>
                        <div class="product-list-rating">
            </div>
<div id="snippet-productWidget-widgetCarousel-1-buy-49370-quantity">        <div class="product-quantity-control">
            <form action="/" method="post" class="ajax" id="frm-productWidget-widgetCarousel-1-buy-49370-quantityForm">
                <input type="text" name="quantity" size="3" id="frm-productWidget-widgetCarousel-1-buy-49370-quantityForm-quantity" data-nette-rules='[{"op":":integer","msg":"Množství musí být číslo."}]' value="1" aria-label="počet k přidání">
                <input type="submit" name="_submit" value="Přidat" class="product-quantity-control-submit plus" aria-label="přidat počet do košíku">
            <input type="hidden" name="do" value="productWidget-widgetCarousel-1-buy-49370-quantityForm-submit"><!--[if IE]><input type=IEbug disabled style="display:none"><![endif]-->
</form>

        </div>
</div>
                <p class="product-incart-info accessible">Produkt nemáte v košíku</p>


        </div>

        
    </div>
    <div id="product-append-26397" class="product-item">
        <div class="product-item-flags">
            <div class="flag-sale ">
                <span class="percents">5<small>&#37;</small></span>
            </div>
        </div>
        <div class="product-item-image">
                <a data-href="/?productWidget-widgetCarousel-1-id=26397&amp;do=productWidget-widgetCarousel-1-modal"
                   data-target="productWidget-widgetCarousel-1-productModal"
                   data-product-id="26397"
                   data-product-price="139.9"
                   data-page-title="Pekárna Kabát Vánoční štola 650g"
                   data-page-path="/produkt/26397-pekarna-kabat-vanocni-stola-650g"
                   data-user-id=""
                   aria-hidden="true"
                   data-kosikmodal-onclose="onProductModalDestroy"
                   onclick="kosikAjax.click(this, initModalCarousel(this))">
                    <img src="https://cdn.kosik.cz/content/product/jpg/list-retina/placeholder.jpg" data-src="https://cdn.kosik.cz/content/product/jpg/list-retina/43670.jpg" alt="Pekárna Kabát Vánoční štola 650g" class="loading-images loading-image">
                </a>




        </div>
                <div class="product-item-info">
                <h5><a href="javascript:void(0)" aria-label="Pekárna Kabát Vánoční štola 650g" data-href="/?productWidget-widgetCarousel-1-id=26397&amp;do=productWidget-widgetCarousel-1-modal" class="product-name modal-link"
                   data-target="productWidget-widgetCarousel-1-productModal" onclick="kosikAjax.click(this, initModalCarousel(this))">
                    Pekárna Kabát Vánoční štola 650g
                    <br><span class="new-product">Novinka</span>
                </a></h5>
            <p class="product-item-price product-in-discount">
                <span class="price-before-discount">
					<span><strong class="price">139,90 Kč</strong></span>
				</span>
                <strong class="price">132,90 Kč</strong>

            </p>
            <p class="product-item-unit">
                    (<strong class="price">288,90 Kč</strong> / kg)
            </p>
                        <div class="product-list-rating">
            </div>
<div id="snippet-productWidget-widgetCarousel-1-buy-26397-quantity">        <div class="product-quantity-control">
            <form action="/" method="post" class="ajax" id="frm-productWidget-widgetCarousel-1-buy-26397-quantityForm">
                <input type="text" name="quantity" size="3" id="frm-productWidget-widgetCarousel-1-buy-26397-quantityForm-quantity" data-nette-rules='[{"op":":integer","msg":"Množství musí být číslo."}]' value="1" aria-label="počet k přidání">
                <input type="submit" name="_submit" value="Přidat" class="product-quantity-control-submit plus" aria-label="přidat počet do košíku">
            <input type="hidden" name="do" value="productWidget-widgetCarousel-1-buy-26397-quantityForm-submit"><!--[if IE]><input type=IEbug disabled style="display:none"><![endif]-->
</form>

        </div>
</div>
                <p class="product-incart-info accessible">Produkt nemáte v košíku</p>


        </div>

        
    </div>
    <div id="product-append-31592" class="product-item">
        <div class="product-item-flags">
        </div>
        <div class="product-item-image">
                <a data-href="/?productWidget-widgetCarousel-1-id=31592&amp;do=productWidget-widgetCarousel-1-modal"
                   data-target="productWidget-widgetCarousel-1-productModal"
                   data-product-id="31592"
                   data-product-price="54.95"
                   data-page-title="Hrozno tmavé (cca 500g)"
                   data-page-path="/produkt/31592-hrozno-tmave-cca-500g"
                   data-user-id=""
                   aria-hidden="true"
                   data-kosikmodal-onclose="onProductModalDestroy"
                   onclick="kosikAjax.click(this, initModalCarousel(this))">
                    <img src="https://cdn.kosik.cz/content/product/jpg/list-retina/placeholder.jpg" data-src="https://cdn.kosik.cz/content/product/jpg/list-retina/49023.jpg" alt="Hrozno tmavé (cca 500g)" class="loading-images loading-image">
                </a>




        </div>
                <div class="product-item-info">
                <h5><a href="javascript:void(0)" aria-label="Hrozno tmavé (cca 500g)" data-href="/?productWidget-widgetCarousel-1-id=31592&amp;do=productWidget-widgetCarousel-1-modal" class="product-name modal-link"
                   data-target="productWidget-widgetCarousel-1-productModal" onclick="kosikAjax.click(this, initModalCarousel(this))">
                    Hrozno tmavé (cca 500g)
                    
                </a></h5>
            <p class="product-item-price ">
                <span class="price-before-discount">
				</span>
                <small class="circa-prefix">cca </small>
                <strong class="price">55,00 Kč</strong>

            </p>
            <p class="product-item-unit">
                    (<strong class="price">109,90 Kč</strong> / kg)
            </p>
                        <div class="product-list-rating">
            </div>
<div id="snippet-productWidget-widgetCarousel-1-buy-31592-quantity">        <div class="product-quantity-control">
            <form action="/" method="post" class="ajax" id="frm-productWidget-widgetCarousel-1-buy-31592-quantityForm">
                <input type="text" name="quantity" size="3" id="frm-productWidget-widgetCarousel-1-buy-31592-quantityForm-quantity" data-nette-rules='[{"op":":integer","msg":"Množství musí být číslo."}]' value="1" aria-label="počet k přidání">
                <input type="submit" name="_submit" value="Přidat" class="product-quantity-control-submit plus" aria-label="přidat počet do košíku">
            <input type="hidden" name="do" value="productWidget-widgetCarousel-1-buy-31592-quantityForm-submit"><!--[if IE]><input type=IEbug disabled style="display:none"><![endif]-->
</form>

        </div>
</div>
                <p class="product-incart-info accessible">Produkt nemáte v košíku</p>


        </div>

        
    </div>
    <div id="product-append-3179" class="product-item">
        <div class="product-item-flags">
            <div class="flag-sale ">
                <span class="percents">26<small>&#37;</small></span>
            </div>
        </div>
        <div class="product-item-image">
                <a data-href="/?productWidget-widgetCarousel-1-id=3179&amp;do=productWidget-widgetCarousel-1-modal"
                   data-target="productWidget-widgetCarousel-1-productModal"
                   data-product-id="3179"
                   data-product-price="269.9"
                   data-page-title="Bohemia Sekt Prestige Rose Brut jakostní šumivé víno růžové 0,75l"
                   data-page-path="/produkt/3179-bohemia-sekt-prestige-rose-brut-jakostni-sumive-vino-ruzove-0-75l"
                   data-user-id=""
                   aria-hidden="true"
                   data-kosikmodal-onclose="onProductModalDestroy"
                   onclick="kosikAjax.click(this, initModalCarousel(this))">
                    <img src="https://cdn.kosik.cz/content/product/jpg/list-retina/placeholder.jpg" data-src="https://cdn.kosik.cz/content/product/jpg/list-retina/3295.jpg" alt="Bohemia Sekt Prestige Rose Brut jakostní šumivé víno růžové 0,75l" class="loading-images loading-image">
                </a>




        </div>
                <div class="product-item-info">
                <h5><a href="javascript:void(0)" aria-label="Bohemia Sekt Prestige Rose Brut jakostní šumivé víno růžové 0,75l" data-href="/?productWidget-widgetCarousel-1-id=3179&amp;do=productWidget-widgetCarousel-1-modal" class="product-name modal-link"
                   data-target="productWidget-widgetCarousel-1-productModal" onclick="kosikAjax.click(this, initModalCarousel(this))">
                    Bohemia Sekt Prestige Rose Brut jakostní šumivé víno růžové 0,75l
                    
                </a></h5>
            <p class="product-item-price product-in-discount">
                <span class="price-before-discount">
					<span><strong class="price">269,90 Kč</strong></span>
				</span>
                <strong class="price">199,90 Kč</strong>

            </p>
            <p class="product-item-unit">
                    (<strong class="price">266,50 Kč</strong> / l)
            </p>
                        <div class="product-list-rating">
            </div>
<div id="snippet-productWidget-widgetCarousel-1-buy-3179-quantity">        <div class="product-quantity-control">
            <form action="/" method="post" class="ajax" id="frm-productWidget-widgetCarousel-1-buy-3179-quantityForm">
                <input type="text" name="quantity" size="3" id="frm-productWidget-widgetCarousel-1-buy-3179-quantityForm-quantity" data-nette-rules='[{"op":":integer","msg":"Množství musí být číslo."}]' value="1" aria-label="počet k přidání">
                <input type="submit" name="_submit" value="Přidat" class="product-quantity-control-submit plus" aria-label="přidat počet do košíku">
            <input type="hidden" name="do" value="productWidget-widgetCarousel-1-buy-3179-quantityForm-submit"><!--[if IE]><input type=IEbug disabled style="display:none"><![endif]-->
</form>

        </div>
</div>
                <p class="product-incart-info accessible">Produkt nemáte v košíku</p>


        </div>

        
    </div>
    <div id="product-append-6239" class="product-item">
        <div class="product-item-flags">
        </div>
        <div class="product-item-image">
                <a data-href="/?productWidget-widgetCarousel-1-id=6239&amp;do=productWidget-widgetCarousel-1-modal"
                   data-target="productWidget-widgetCarousel-1-productModal"
                   data-product-id="6239"
                   data-product-price="31.9"
                   data-page-title="Hami první ovocný nápoj hrozny s voňavou meduňkou 300ml"
                   data-page-path="/produkt/6239-hami-prvni-ovocny-napoj-hrozny-s-vonavou-medunkou-300ml"
                   data-user-id=""
                   aria-hidden="true"
                   data-kosikmodal-onclose="onProductModalDestroy"
                   onclick="kosikAjax.click(this, initModalCarousel(this))">
                    <img src="https://cdn.kosik.cz/content/product/jpg/list-retina/placeholder.jpg" data-src="https://cdn.kosik.cz/content/product/jpg/list-retina/8035.jpg" alt="Hami první ovocný nápoj hrozny s voňavou meduňkou 300ml" class="loading-images loading-image">
                </a>




        </div>
                <div class="product-item-info">
                <h5><a href="javascript:void(0)" aria-label="Hami první ovocný nápoj hrozny s voňavou meduňkou 300ml" data-href="/?productWidget-widgetCarousel-1-id=6239&amp;do=productWidget-widgetCarousel-1-modal" class="product-name modal-link"
                   data-target="productWidget-widgetCarousel-1-productModal" onclick="kosikAjax.click(this, initModalCarousel(this))">
                    Hami první ovocný nápoj hrozny s voňavou meduňkou 300ml
                    
                </a></h5>
            <p class="product-item-price ">
                <span class="price-before-discount">
				</span>
                <strong class="price">31,90 Kč</strong>

            </p>
            <p class="product-item-unit">
                    (<strong class="price">138,70 Kč</strong> / kg)
            </p>
                        <div class="product-list-rating">
            </div>
<div id="snippet-productWidget-widgetCarousel-1-buy-6239-quantity">        <div class="product-quantity-control">
            <form action="/" method="post" class="ajax" id="frm-productWidget-widgetCarousel-1-buy-6239-quantityForm">
                <input type="text" name="quantity" size="3" id="frm-productWidget-widgetCarousel-1-buy-6239-quantityForm-quantity" data-nette-rules='[{"op":":integer","msg":"Množství musí být číslo."}]' value="1" aria-label="počet k přidání">
                <input type="submit" name="_submit" value="Přidat" class="product-quantity-control-submit plus" aria-label="přidat počet do košíku">
            <input type="hidden" name="do" value="productWidget-widgetCarousel-1-buy-6239-quantityForm-submit"><!--[if IE]><input type=IEbug disabled style="display:none"><![endif]-->
</form>

        </div>
</div>
                <p class="product-incart-info accessible">Produkt nemáte v košíku</p>


        </div>

        
    </div>
    <div id="product-append-50106" class="product-item">
        <div class="product-item-flags">
        </div>
        <div class="product-item-image">
                <a data-href="/?productWidget-widgetCarousel-1-id=50106&amp;do=productWidget-widgetCarousel-1-modal"
                   data-target="productWidget-widgetCarousel-1-productModal"
                   data-product-id="50106"
                   data-product-price="1699.9"
                   data-page-title="Jamón Serrano dárkové balení 6,5kg"
                   data-page-path="/produkt/50106-jamon-serrano-darkove-baleni-6-5kg"
                   data-user-id=""
                   aria-hidden="true"
                   data-kosikmodal-onclose="onProductModalDestroy"
                   onclick="kosikAjax.click(this, initModalCarousel(this))">
                    <img src="https://cdn.kosik.cz/content/product/jpg/list-retina/placeholder.jpg" data-src="https://cdn.kosik.cz/content/product/jpg/list-retina/67692.jpg" alt="Jamón Serrano dárkové balení 6,5kg" class="loading-images loading-image">
                </a>




        </div>
                <div class="product-item-info">
                <h5><a href="javascript:void(0)" aria-label="Jamón Serrano dárkové balení 6,5kg" data-href="/?productWidget-widgetCarousel-1-id=50106&amp;do=productWidget-widgetCarousel-1-modal" class="product-name modal-link"
                   data-target="productWidget-widgetCarousel-1-productModal" onclick="kosikAjax.click(this, initModalCarousel(this))">
                    Jamón Serrano dárkové balení 6,5kg
                    <br><span class="new-product">Novinka</span>
                </a></h5>
            <p class="product-item-price ">
                <span class="price-before-discount">
				</span>
                <strong class="price">1 699,90 Kč</strong>

            </p>
            <p class="product-item-unit">
                    (<strong class="price">261,50 Kč</strong> / kg)
            </p>
                        <div class="product-list-rating">
            </div>
<div id="snippet-productWidget-widgetCarousel-1-buy-50106-quantity">        <div class="product-quantity-control">
            <form action="/" method="post" class="ajax" id="frm-productWidget-widgetCarousel-1-buy-50106-quantityForm">
                <input type="text" name="quantity" size="3" id="frm-productWidget-widgetCarousel-1-buy-50106-quantityForm-quantity" data-nette-rules='[{"op":":integer","msg":"Množství musí být číslo."}]' value="1" aria-label="počet k přidání">
                <input type="submit" name="_submit" value="Přidat" class="product-quantity-control-submit plus" aria-label="přidat počet do košíku">
            <input type="hidden" name="do" value="productWidget-widgetCarousel-1-buy-50106-quantityForm-submit"><!--[if IE]><input type=IEbug disabled style="display:none"><![endif]-->
</form>

        </div>
</div>
                <p class="product-incart-info accessible">Produkt nemáte v košíku</p>


        </div>

        
    </div>
    <div id="product-append-49166" class="product-item">
        <div class="product-item-flags">
        </div>
        <div class="product-item-image">
                <a data-href="/?productWidget-widgetCarousel-1-id=49166&amp;do=productWidget-widgetCarousel-1-modal"
                   data-target="productWidget-widgetCarousel-1-productModal"
                   data-product-id="49166"
                   data-product-price="499"
                   data-page-title="LEGO DUPLO Burákova garáž"
                   data-page-path="/produkt/49166-lego-duplo-burakova-garaz"
                   data-user-id=""
                   aria-hidden="true"
                   data-kosikmodal-onclose="onProductModalDestroy"
                   onclick="kosikAjax.click(this, initModalCarousel(this))">
                    <img src="https://cdn.kosik.cz/content/product/jpg/list-retina/placeholder.jpg" data-src="https://cdn.kosik.cz/content/product/jpg/list-retina/66722.jpg" alt="LEGO DUPLO Burákova garáž" class="loading-images loading-image">
                </a>




        </div>
                <div class="product-item-info">
                <h5><a href="javascript:void(0)" aria-label="LEGO DUPLO Burákova garáž" data-href="/?productWidget-widgetCarousel-1-id=49166&amp;do=productWidget-widgetCarousel-1-modal" class="product-name modal-link"
                   data-target="productWidget-widgetCarousel-1-productModal" onclick="kosikAjax.click(this, initModalCarousel(this))">
                    LEGO DUPLO Burákova garáž
                    <br><span class="new-product">Novinka</span>
                </a></h5>
            <p class="product-item-price ">
                <span class="price-before-discount">
				</span>
                <strong class="price">499,00 Kč</strong>

            </p>
            <p class="product-item-unit">
                    (<strong class="price">499,00 Kč</strong> / ks)
            </p>
                        <div class="product-list-rating">
            </div>
<div id="snippet-productWidget-widgetCarousel-1-buy-49166-quantity">        <div class="product-quantity-control">
            <form action="/" method="post" class="ajax" id="frm-productWidget-widgetCarousel-1-buy-49166-quantityForm">
                <input type="text" name="quantity" size="3" id="frm-productWidget-widgetCarousel-1-buy-49166-quantityForm-quantity" data-nette-rules='[{"op":":integer","msg":"Množství musí být číslo."}]' value="1" aria-label="počet k přidání">
                <input type="submit" name="_submit" value="Přidat" class="product-quantity-control-submit plus" aria-label="přidat počet do košíku">
            <input type="hidden" name="do" value="productWidget-widgetCarousel-1-buy-49166-quantityForm-submit"><!--[if IE]><input type=IEbug disabled style="display:none"><![endif]-->
</form>

        </div>
</div>
                <p class="product-incart-info accessible">Produkt nemáte v košíku</p>


        </div>

        
    </div>
    <div id="product-append-25501" class="product-item">
        <div class="product-item-flags">
        </div>
        <div class="product-item-image">
                <a data-href="/?productWidget-widgetCarousel-1-id=25501&amp;do=productWidget-widgetCarousel-1-modal"
                   data-target="productWidget-widgetCarousel-1-productModal"
                   data-product-id="25501"
                   data-product-price="54.9"
                   data-page-title="Diana Pistácie pražené solené 100 g"
                   data-page-path="/produkt/25501-diana-pistacie-prazene-solene-100-g"
                   data-user-id=""
                   aria-hidden="true"
                   data-kosikmodal-onclose="onProductModalDestroy"
                   onclick="kosikAjax.click(this, initModalCarousel(this))">
                    <img src="https://cdn.kosik.cz/content/product/jpg/list-retina/placeholder.jpg" data-src="https://cdn.kosik.cz/content/product/jpg/list-retina/42781.jpg" alt="Diana Pistácie pražené solené 100 g" class="loading-images loading-image">
                </a>




        </div>
                <div class="product-item-info">
                <h5><a href="javascript:void(0)" aria-label="Diana Pistácie pražené solené 100 g" data-href="/?productWidget-widgetCarousel-1-id=25501&amp;do=productWidget-widgetCarousel-1-modal" class="product-name modal-link"
                   data-target="productWidget-widgetCarousel-1-productModal" onclick="kosikAjax.click(this, initModalCarousel(this))">
                    Diana Pistácie pražené solené 100 g
                    
                </a></h5>
            <p class="product-item-price ">
                <span class="price-before-discount">
				</span>
                <strong class="price">54,90 Kč</strong>

            </p>
            <p class="product-item-unit">
                    (<strong class="price">549,00 Kč</strong> / kg)
            </p>
                        <div class="product-list-rating">
            </div>
<div id="snippet-productWidget-widgetCarousel-1-buy-25501-quantity">        <div class="product-quantity-control">
            <form action="/" method="post" class="ajax" id="frm-productWidget-widgetCarousel-1-buy-25501-quantityForm">
                <input type="text" name="quantity" size="3" id="frm-productWidget-widgetCarousel-1-buy-25501-quantityForm-quantity" data-nette-rules='[{"op":":integer","msg":"Množství musí být číslo."}]' value="1" aria-label="počet k přidání">
                <input type="submit" name="_submit" value="Přidat" class="product-quantity-control-submit plus" aria-label="přidat počet do košíku">
            <input type="hidden" name="do" value="productWidget-widgetCarousel-1-buy-25501-quantityForm-submit"><!--[if IE]><input type=IEbug disabled style="display:none"><![endif]-->
</form>

        </div>
</div>
                <p class="product-incart-info accessible">Produkt nemáte v košíku</p>


        </div>

        
    </div>
    <div id="product-append-49554" class="product-item">
        <div class="product-item-flags">
            <div class="flag-sale ">
                <span class="percents">31<small>&#37;</small></span>
            </div>
        </div>
        <div class="product-item-image">
                <a data-href="/?productWidget-widgetCarousel-1-id=49554&amp;do=productWidget-widgetCarousel-1-modal"
                   data-target="productWidget-widgetCarousel-1-productModal"
                   data-product-id="49554"
                   data-product-price="12.9"
                   data-page-title="Olma Florian Pečené jablko 8% limitovaná edice 150g"
                   data-page-path="/produkt/49554-olma-florian-pecene-jablko-8-limitovana-edice-150g"
                   data-user-id=""
                   aria-hidden="true"
                   data-kosikmodal-onclose="onProductModalDestroy"
                   onclick="kosikAjax.click(this, initModalCarousel(this))">
                    <img src="https://cdn.kosik.cz/content/product/jpg/list-retina/placeholder.jpg" data-src="https://cdn.kosik.cz/content/product/jpg/list-retina/67121.jpg" alt="Olma Florian Pečené jablko 8% limitovaná edice 150g" class="loading-images loading-image">
                </a>




        </div>
                <div class="product-item-info">
                <h5><a href="javascript:void(0)" aria-label="Olma Florian Pečené jablko 8% limitovaná edice 150g" data-href="/?productWidget-widgetCarousel-1-id=49554&amp;do=productWidget-widgetCarousel-1-modal" class="product-name modal-link"
                   data-target="productWidget-widgetCarousel-1-productModal" onclick="kosikAjax.click(this, initModalCarousel(this))">
                    Olma Florian Pečené jablko 8% limitovaná edice 150g
                    
                </a></h5>
            <p class="product-item-price product-in-discount">
                <span class="price-before-discount">
					<span><strong class="price">12,90 Kč</strong></span>
				</span>
                <strong class="price">8,90 Kč</strong>

            </p>
            <p class="product-item-unit">
                    (<strong class="price">59,30 Kč</strong> / kg)
            </p>
                        <div class="product-list-rating">
                <span><ul class="rating"><li class="rating-children rating-1 up" data-rating="1"><i class="fa fa-star"></i></li><li class="rating-children rating-2 up" data-rating="2"><i class="fa fa-star"></i></li><li class="rating-children rating-3 up" data-rating="3"><i class="fa fa-star"></i></li><li class="rating-children rating-4 up" data-rating="4"><i class="fa fa-star"></i></li><li class="rating-children rating-5 up" data-rating="5"><i class="fa fa-star"></i></li></ul></span>
            </div>
<div id="snippet-productWidget-widgetCarousel-1-buy-49554-quantity">        <div class="product-quantity-control">
            <form action="/" method="post" class="ajax" id="frm-productWidget-widgetCarousel-1-buy-49554-quantityForm">
                <input type="text" name="quantity" size="3" id="frm-productWidget-widgetCarousel-1-buy-49554-quantityForm-quantity" data-nette-rules='[{"op":":integer","msg":"Množství musí být číslo."}]' value="1" aria-label="počet k přidání">
                <input type="submit" name="_submit" value="Přidat" class="product-quantity-control-submit plus" aria-label="přidat počet do košíku">
            <input type="hidden" name="do" value="productWidget-widgetCarousel-1-buy-49554-quantityForm-submit"><!--[if IE]><input type=IEbug disabled style="display:none"><![endif]-->
</form>

        </div>
</div>
                <p class="product-incart-info accessible">Produkt nemáte v košíku</p>


        </div>

        
    </div>
    <div id="product-append-11967" class="product-item">
        <div class="product-item-flags">
            <div class="flag-sale ">
                <span class="percents">33<small>&#37;</small></span>
            </div>
        </div>
        <div class="product-item-image">
                <a data-href="/?productWidget-widgetCarousel-1-id=11967&amp;do=productWidget-widgetCarousel-1-modal"
                   data-target="productWidget-widgetCarousel-1-productModal"
                   data-product-id="11967"
                   data-product-price="29.9"
                   data-page-title="Le&amp;Co Kuřecí šunka pro děti nejvyšší jakost plátky 100g"
                   data-page-path="/produkt/11967-le-co-kureci-sunka-pro-deti-nejvyssi-jakost-platky-100g"
                   data-user-id=""
                   aria-hidden="true"
                   data-kosikmodal-onclose="onProductModalDestroy"
                   onclick="kosikAjax.click(this, initModalCarousel(this))">
                    <img src="https://cdn.kosik.cz/content/product/jpg/list-retina/placeholder.jpg" data-src="https://cdn.kosik.cz/content/product/jpg/list-retina/29327.jpg" alt="Le&amp;Co Kuřecí šunka pro děti nejvyšší jakost plátky 100g" class="loading-images loading-image">
                </a>




        </div>
                <div class="product-item-info">
                <h5><a href="javascript:void(0)" aria-label="Le&amp;Co Kuřecí šunka pro děti nejvyšší jakost plátky 100g" data-href="/?productWidget-widgetCarousel-1-id=11967&amp;do=productWidget-widgetCarousel-1-modal" class="product-name modal-link"
                   data-target="productWidget-widgetCarousel-1-productModal" onclick="kosikAjax.click(this, initModalCarousel(this))">
                    Le&amp;Co Kuřecí šunka pro děti nejvyšší jakost plátky 100g
                    
                </a></h5>
            <p class="product-item-price product-in-discount">
                <span class="price-before-discount">
					<span><strong class="price">29,90 Kč</strong></span>
				</span>
                <strong class="price">19,90 Kč</strong>

            </p>
            <p class="product-item-unit">
                    (<strong class="price">199,00 Kč</strong> / kg)
            </p>
                        <div class="product-list-rating">
            </div>
<div id="snippet-productWidget-widgetCarousel-1-buy-11967-quantity">        <div class="product-quantity-control">
            <form action="/" method="post" class="ajax" id="frm-productWidget-widgetCarousel-1-buy-11967-quantityForm">
                <input type="text" name="quantity" size="3" id="frm-productWidget-widgetCarousel-1-buy-11967-quantityForm-quantity" data-nette-rules='[{"op":":integer","msg":"Množství musí být číslo."}]' value="1" aria-label="počet k přidání">
                <input type="submit" name="_submit" value="Přidat" class="product-quantity-control-submit plus" aria-label="přidat počet do košíku">
            <input type="hidden" name="do" value="productWidget-widgetCarousel-1-buy-11967-quantityForm-submit"><!--[if IE]><input type=IEbug disabled style="display:none"><![endif]-->
</form>

        </div>
</div>
                <p class="product-incart-info accessible">Produkt nemáte v košíku</p>


        </div>

        
    </div>
    <div id="product-append-3219" class="product-item">
        <div class="product-item-flags">
            <div class="flag-sale ">
                <span class="percents">23<small>&#37;</small></span>
            </div>
        </div>
        <div class="product-item-image">
                <a data-href="/?productWidget-widgetCarousel-1-id=3219&amp;do=productWidget-widgetCarousel-1-modal"
                   data-target="productWidget-widgetCarousel-1-productModal"
                   data-product-id="3219"
                   data-product-price="429.9"
                   data-page-title="Beefeater Gin 0,7l"
                   data-page-path="/produkt/3219-beefeater-gin-0-7l"
                   data-user-id=""
                   aria-hidden="true"
                   data-kosikmodal-onclose="onProductModalDestroy"
                   onclick="kosikAjax.click(this, initModalCarousel(this))">
                    <img src="https://cdn.kosik.cz/content/product/jpg/list-retina/placeholder.jpg" data-src="https://cdn.kosik.cz/content/product/jpg/list-retina/3335.jpg" alt="Beefeater Gin 0,7l" class="loading-images loading-image">
                </a>




        </div>
                <div class="product-item-info">
                <h5><a href="javascript:void(0)" aria-label="Beefeater Gin 0,7l" data-href="/?productWidget-widgetCarousel-1-id=3219&amp;do=productWidget-widgetCarousel-1-modal" class="product-name modal-link"
                   data-target="productWidget-widgetCarousel-1-productModal" onclick="kosikAjax.click(this, initModalCarousel(this))">
                    Beefeater Gin 0,7l
                    
                </a></h5>
            <p class="product-item-price product-in-discount">
                <span class="price-before-discount">
					<span><strong class="price">429,90 Kč</strong></span>
				</span>
                <strong class="price">329,90 Kč</strong>

            </p>
            <p class="product-item-unit">
                    (<strong class="price">471,30 Kč</strong> / l)
            </p>
                        <div class="product-list-rating">
            </div>
<div id="snippet-productWidget-widgetCarousel-1-buy-3219-quantity">        <div class="product-quantity-control">
            <form action="/" method="post" class="ajax" id="frm-productWidget-widgetCarousel-1-buy-3219-quantityForm">
                <input type="text" name="quantity" size="3" id="frm-productWidget-widgetCarousel-1-buy-3219-quantityForm-quantity" data-nette-rules='[{"op":":integer","msg":"Množství musí být číslo."}]' value="1" aria-label="počet k přidání">
                <input type="submit" name="_submit" value="Přidat" class="product-quantity-control-submit plus" aria-label="přidat počet do košíku">
            <input type="hidden" name="do" value="productWidget-widgetCarousel-1-buy-3219-quantityForm-submit"><!--[if IE]><input type=IEbug disabled style="display:none"><![endif]-->
</form>

        </div>
</div>
                <p class="product-incart-info accessible">Produkt nemáte v košíku</p>


        </div>

        
    </div>
    <div id="product-append-14777" class="product-item">
        <div class="product-item-flags">
            <div class="flag-sale ">
                <span class="percents">17<small>&#37;</small></span>
            </div>
        </div>
        <div class="product-item-image">
                <a data-href="/?productWidget-widgetCarousel-1-id=14777&amp;do=productWidget-widgetCarousel-1-modal"
                   data-target="productWidget-widgetCarousel-1-productModal"
                   data-product-id="14777"
                   data-product-price="23.9"
                   data-page-title="Kabátův cvrček krájený balený 1/2 400g"
                   data-page-path="/produkt/14777-kabatuv-cvrcek-krajeny-baleny-1-2-400g"
                   data-user-id=""
                   aria-hidden="true"
                   data-kosikmodal-onclose="onProductModalDestroy"
                   onclick="kosikAjax.click(this, initModalCarousel(this))">
                    <img src="https://cdn.kosik.cz/content/product/jpg/list-retina/placeholder.jpg" data-src="https://cdn.kosik.cz/content/product/jpg/list-retina/32046.jpg" alt="Kabátův cvrček krájený balený 1/2 400g" class="loading-images loading-image">
                </a>




        </div>
                <div class="product-item-info">
                <h5><a href="javascript:void(0)" aria-label="Kabátův cvrček krájený balený 1/2 400g" data-href="/?productWidget-widgetCarousel-1-id=14777&amp;do=productWidget-widgetCarousel-1-modal" class="product-name modal-link"
                   data-target="productWidget-widgetCarousel-1-productModal" onclick="kosikAjax.click(this, initModalCarousel(this))">
                    Kabátův cvrček krájený balený 1/2 400g
                    
                </a></h5>
            <p class="product-item-price product-in-discount">
                <span class="price-before-discount">
					<span><strong class="price">23,90 Kč</strong></span>
				</span>
                <strong class="price">19,90 Kč</strong>

            </p>
            <p class="product-item-unit">
                    (<strong class="price">49,80 Kč</strong> / kg)
            </p>
                        <div class="product-list-rating">
            </div>
<div id="snippet-productWidget-widgetCarousel-1-buy-14777-quantity">        <div class="product-quantity-control">
            <form action="/" method="post" class="ajax" id="frm-productWidget-widgetCarousel-1-buy-14777-quantityForm">
                <input type="text" name="quantity" size="3" id="frm-productWidget-widgetCarousel-1-buy-14777-quantityForm-quantity" data-nette-rules='[{"op":":integer","msg":"Množství musí být číslo."}]' value="1" aria-label="počet k přidání">
                <input type="submit" name="_submit" value="Přidat" class="product-quantity-control-submit plus" aria-label="přidat počet do košíku">
            <input type="hidden" name="do" value="productWidget-widgetCarousel-1-buy-14777-quantityForm-submit"><!--[if IE]><input type=IEbug disabled style="display:none"><![endif]-->
</form>

        </div>
</div>
                <p class="product-incart-info accessible">Produkt nemáte v košíku</p>


        </div>

        
    </div>
    <div id="product-append-26039" class="product-item">
        <div class="product-item-flags">
            <div class="flag-sale ">
                <span class="percents">15<small>&#37;</small></span>
            </div>
        </div>
        <div class="product-item-image">
                <a data-href="/?productWidget-widgetCarousel-1-id=26039&amp;do=productWidget-widgetCarousel-1-modal"
                   data-target="productWidget-widgetCarousel-1-productModal"
                   data-product-id="26039"
                   data-product-price="19.9"
                   data-page-title="Milko Žervé s kozím tvarohem 80g"
                   data-page-path="/produkt/26039-milko-zerve-s-kozim-tvarohem-80g"
                   data-user-id=""
                   aria-hidden="true"
                   data-kosikmodal-onclose="onProductModalDestroy"
                   onclick="kosikAjax.click(this, initModalCarousel(this))">
                    <img src="https://cdn.kosik.cz/content/product/jpg/list-retina/placeholder.jpg" data-src="https://cdn.kosik.cz/content/product/jpg/list-retina/43311.jpg" alt="Milko Žervé s kozím tvarohem 80g" class="loading-images loading-image">
                </a>




        </div>
                <div class="product-item-info">
                <h5><a href="javascript:void(0)" aria-label="Milko Žervé s kozím tvarohem 80g" data-href="/?productWidget-widgetCarousel-1-id=26039&amp;do=productWidget-widgetCarousel-1-modal" class="product-name modal-link"
                   data-target="productWidget-widgetCarousel-1-productModal" onclick="kosikAjax.click(this, initModalCarousel(this))">
                    Milko Žervé s kozím tvarohem 80g
                    
                </a></h5>
            <p class="product-item-price product-in-discount">
                <span class="price-before-discount">
					<span><strong class="price">19,90 Kč</strong></span>
				</span>
                <strong class="price">16,90 Kč</strong>

            </p>
            <p class="product-item-unit">
                    (<strong class="price">211,30 Kč</strong> / kg)
            </p>
                        <div class="product-list-rating">
            </div>
<div id="snippet-productWidget-widgetCarousel-1-buy-26039-quantity">        <div class="product-quantity-control">
            <form action="/" method="post" class="ajax" id="frm-productWidget-widgetCarousel-1-buy-26039-quantityForm">
                <input type="text" name="quantity" size="3" id="frm-productWidget-widgetCarousel-1-buy-26039-quantityForm-quantity" data-nette-rules='[{"op":":integer","msg":"Množství musí být číslo."}]' value="1" aria-label="počet k přidání">
                <input type="submit" name="_submit" value="Přidat" class="product-quantity-control-submit plus" aria-label="přidat počet do košíku">
            <input type="hidden" name="do" value="productWidget-widgetCarousel-1-buy-26039-quantityForm-submit"><!--[if IE]><input type=IEbug disabled style="display:none"><![endif]-->
</form>

        </div>
</div>
                <p class="product-incart-info accessible">Produkt nemáte v košíku</p>


        </div>

        
    </div>
    <div id="product-append-25503" class="product-item">
        <div class="product-item-flags">
        </div>
        <div class="product-item-image">
                <a data-href="/?productWidget-widgetCarousel-1-id=25503&amp;do=productWidget-widgetCarousel-1-modal"
                   data-target="productWidget-widgetCarousel-1-productModal"
                   data-product-id="25503"
                   data-product-price="49.9"
                   data-page-title="Diana Vlašská jádra 100 g"
                   data-page-path="/produkt/25503-diana-vlasska-jadra-100-g"
                   data-user-id=""
                   aria-hidden="true"
                   data-kosikmodal-onclose="onProductModalDestroy"
                   onclick="kosikAjax.click(this, initModalCarousel(this))">
                    <img src="https://cdn.kosik.cz/content/product/jpg/list-retina/placeholder.jpg" data-src="https://cdn.kosik.cz/content/product/jpg/list-retina/42783.jpg" alt="Diana Vlašská jádra 100 g" class="loading-images loading-image">
                </a>




        </div>
                <div class="product-item-info">
                <h5><a href="javascript:void(0)" aria-label="Diana Vlašská jádra 100 g" data-href="/?productWidget-widgetCarousel-1-id=25503&amp;do=productWidget-widgetCarousel-1-modal" class="product-name modal-link"
                   data-target="productWidget-widgetCarousel-1-productModal" onclick="kosikAjax.click(this, initModalCarousel(this))">
                    Diana Vlašská jádra 100 g
                    
                </a></h5>
            <p class="product-item-price ">
                <span class="price-before-discount">
				</span>
                <strong class="price">49,90 Kč</strong>

            </p>
            <p class="product-item-unit">
                    (<strong class="price">499,00 Kč</strong> / kg)
            </p>
                        <div class="product-list-rating">
            </div>
<div id="snippet-productWidget-widgetCarousel-1-buy-25503-quantity">        <div class="product-quantity-control">
            <form action="/" method="post" class="ajax" id="frm-productWidget-widgetCarousel-1-buy-25503-quantityForm">
                <input type="text" name="quantity" size="3" id="frm-productWidget-widgetCarousel-1-buy-25503-quantityForm-quantity" data-nette-rules='[{"op":":integer","msg":"Množství musí být číslo."}]' value="1" aria-label="počet k přidání">
                <input type="submit" name="_submit" value="Přidat" class="product-quantity-control-submit plus" aria-label="přidat počet do košíku">
            <input type="hidden" name="do" value="productWidget-widgetCarousel-1-buy-25503-quantityForm-submit"><!--[if IE]><input type=IEbug disabled style="display:none"><![endif]-->
</form>

        </div>
</div>
                <p class="product-incart-info accessible">Produkt nemáte v košíku</p>


        </div>

        
    </div>
    <div id="product-append-25363" class="product-item">
        <div class="product-item-flags">
            <div class="flag-sale ">
                <span class="percents">31<small>&#37;</small></span>
            </div>
        </div>
        <div class="product-item-image">
                <a data-href="/?productWidget-widgetCarousel-1-id=25363&amp;do=productWidget-widgetCarousel-1-modal"
                   data-target="productWidget-widgetCarousel-1-productModal"
                   data-product-id="25363"
                   data-product-price="57.5"
                   data-page-title="Prominent Krůtí vinná klobása 400g"
                   data-page-path="/produkt/25363-prominent-kruti-vinna-klobasa-400g"
                   data-user-id=""
                   aria-hidden="true"
                   data-kosikmodal-onclose="onProductModalDestroy"
                   onclick="kosikAjax.click(this, initModalCarousel(this))">
                    <img src="https://cdn.kosik.cz/content/product/jpg/list-retina/placeholder.jpg" data-src="https://cdn.kosik.cz/content/product/jpg/list-retina/42642.jpg" alt="Prominent Krůtí vinná klobása 400g" class="loading-images loading-image">
                </a>




        </div>
                <div class="product-item-info">
                <h5><a href="javascript:void(0)" aria-label="Prominent Krůtí vinná klobása 400g" data-href="/?productWidget-widgetCarousel-1-id=25363&amp;do=productWidget-widgetCarousel-1-modal" class="product-name modal-link"
                   data-target="productWidget-widgetCarousel-1-productModal" onclick="kosikAjax.click(this, initModalCarousel(this))">
                    Prominent Krůtí vinná klobása 400g
                    
                </a></h5>
            <p class="product-item-price product-in-discount">
                <span class="price-before-discount">
					<span><strong class="price">57,50 Kč</strong></span>
				</span>
                <strong class="price">39,90 Kč</strong>

            </p>
            <p class="product-item-unit">
                    (<strong class="price">99,80 Kč</strong> / kg)
            </p>
                        <div class="product-list-rating">
                <span><ul class="rating"><li class="rating-children rating-1 up" data-rating="1"><i class="fa fa-star"></i></li><li class="rating-children rating-2 up" data-rating="2"><i class="fa fa-star"></i></li><li class="rating-children rating-3 up" data-rating="3"><i class="fa fa-star"></i></li><li class="rating-children rating-4 up" data-rating="4"><i class="fa fa-star"></i></li><li class="rating-children rating-5 up" data-rating="5"><i class="fa fa-star"></i></li></ul></span>
            </div>
<div id="snippet-productWidget-widgetCarousel-1-buy-25363-quantity">        <div class="product-quantity-control">
            <form action="/" method="post" class="ajax" id="frm-productWidget-widgetCarousel-1-buy-25363-quantityForm">
                <input type="text" name="quantity" size="3" id="frm-productWidget-widgetCarousel-1-buy-25363-quantityForm-quantity" data-nette-rules='[{"op":":integer","msg":"Množství musí být číslo."}]' value="1" aria-label="počet k přidání">
                <input type="submit" name="_submit" value="Přidat" class="product-quantity-control-submit plus" aria-label="přidat počet do košíku">
            <input type="hidden" name="do" value="productWidget-widgetCarousel-1-buy-25363-quantityForm-submit"><!--[if IE]><input type=IEbug disabled style="display:none"><![endif]-->
</form>

        </div>
</div>
                <p class="product-incart-info accessible">Produkt nemáte v košíku</p>


        </div>

        
    </div>
    <div id="product-append-42645" class="product-item">
        <div class="product-item-flags">
            <div class="flag-sale ">
                <span class="percents">20<small>&#37;</small></span>
            </div>
        </div>
        <div class="product-item-image">
                <a data-href="/?productWidget-widgetCarousel-1-id=42645&amp;do=productWidget-widgetCarousel-1-modal"
                   data-target="productWidget-widgetCarousel-1-productModal"
                   data-product-id="42645"
                   data-product-price="129.87"
                   data-page-title="Le &amp; Co Šunkové koleno s kostí (cca 1,3kg)"
                   data-page-path="/produkt/42645-le-co-sunkove-koleno-s-kosti-cca-1-3kg"
                   data-user-id=""
                   aria-hidden="true"
                   data-kosikmodal-onclose="onProductModalDestroy"
                   onclick="kosikAjax.click(this, initModalCarousel(this))">
                    <img src="https://cdn.kosik.cz/content/product/jpg/list-retina/placeholder.jpg" data-src="https://cdn.kosik.cz/content/product/jpg/list-retina/60362.jpg" alt="Le &amp; Co Šunkové koleno s kostí (cca 1,3kg)" class="loading-images loading-image">
                </a>




        </div>
                <div class="product-item-info">
                <h5><a href="javascript:void(0)" aria-label="Le &amp; Co Šunkové koleno s kostí (cca 1,3kg)" data-href="/?productWidget-widgetCarousel-1-id=42645&amp;do=productWidget-widgetCarousel-1-modal" class="product-name modal-link"
                   data-target="productWidget-widgetCarousel-1-productModal" onclick="kosikAjax.click(this, initModalCarousel(this))">
                    Le &amp; Co Šunkové koleno s kostí (cca 1,3kg)
                    
                </a></h5>
            <p class="product-item-price product-in-discount">
                <span class="price-before-discount">
					<span><strong class="price">129,90 Kč</strong></span>
				</span>
                <small class="circa-prefix">cca </small>
                <strong class="price">103,90 Kč</strong>

            </p>
            <p class="product-item-unit">
                    (<strong class="price">79,90 Kč</strong> / kg)
            </p>
                        <div class="product-list-rating">
            </div>
<div id="snippet-productWidget-widgetCarousel-1-buy-42645-quantity">        <div class="product-quantity-control">
            <form action="/" method="post" class="ajax" id="frm-productWidget-widgetCarousel-1-buy-42645-quantityForm">
                <input type="text" name="quantity" size="3" id="frm-productWidget-widgetCarousel-1-buy-42645-quantityForm-quantity" data-nette-rules='[{"op":":integer","msg":"Množství musí být číslo."}]' value="1" aria-label="počet k přidání">
                <input type="submit" name="_submit" value="Přidat" class="product-quantity-control-submit plus" aria-label="přidat počet do košíku">
            <input type="hidden" name="do" value="productWidget-widgetCarousel-1-buy-42645-quantityForm-submit"><!--[if IE]><input type=IEbug disabled style="display:none"><![endif]-->
</form>

        </div>
</div>
                <p class="product-incart-info accessible">Produkt nemáte v košíku</p>


        </div>

        
    </div>
    <div id="product-append-1123" class="product-item">
        <div class="product-item-flags">
            <div class="flag-sale ">
                <span class="percents">21<small>&#37;</small></span>
            </div>
        </div>
        <div class="product-item-image">
                <a data-href="/?productWidget-widgetCarousel-1-id=1123&amp;do=productWidget-widgetCarousel-1-modal"
                   data-target="productWidget-widgetCarousel-1-productModal"
                   data-product-id="1123"
                   data-product-price="18.9"
                   data-page-title="Anticol med a citrón 50g"
                   data-page-path="/produkt/1123-anticol-med-a-citron-50g"
                   data-user-id=""
                   aria-hidden="true"
                   data-kosikmodal-onclose="onProductModalDestroy"
                   onclick="kosikAjax.click(this, initModalCarousel(this))">
                    <img src="https://cdn.kosik.cz/content/product/jpg/list-retina/placeholder.jpg" data-src="https://cdn.kosik.cz/content/product/jpg/list-retina/1190.jpg" alt="Anticol med a citrón 50g" class="loading-images loading-image">
                </a>




        </div>
                <div class="product-item-info">
                <h5><a href="javascript:void(0)" aria-label="Anticol med a citrón 50g" data-href="/?productWidget-widgetCarousel-1-id=1123&amp;do=productWidget-widgetCarousel-1-modal" class="product-name modal-link"
                   data-target="productWidget-widgetCarousel-1-productModal" onclick="kosikAjax.click(this, initModalCarousel(this))">
                    Anticol med a citrón 50g
                    
                </a></h5>
            <p class="product-item-price product-in-discount">
                <span class="price-before-discount">
					<span><strong class="price">18,90 Kč</strong></span>
				</span>
                <strong class="price">14,90 Kč</strong>

            </p>
            <p class="product-item-unit">
                    (<strong class="price">298,00 Kč</strong> / kg)
            </p>
                        <div class="product-list-rating">
            </div>
<div id="snippet-productWidget-widgetCarousel-1-buy-1123-quantity">        <div class="product-quantity-control">
            <form action="/" method="post" class="ajax" id="frm-productWidget-widgetCarousel-1-buy-1123-quantityForm">
                <input type="text" name="quantity" size="3" id="frm-productWidget-widgetCarousel-1-buy-1123-quantityForm-quantity" data-nette-rules='[{"op":":integer","msg":"Množství musí být číslo."}]' value="1" aria-label="počet k přidání">
                <input type="submit" name="_submit" value="Přidat" class="product-quantity-control-submit plus" aria-label="přidat počet do košíku">
            <input type="hidden" name="do" value="productWidget-widgetCarousel-1-buy-1123-quantityForm-submit"><!--[if IE]><input type=IEbug disabled style="display:none"><![endif]-->
</form>

        </div>
</div>
                <p class="product-incart-info accessible">Produkt nemáte v košíku</p>


        </div>

        
    </div>
    <div id="product-append-10985" class="product-item">
        <div class="product-item-flags">
        </div>
        <div class="product-item-image">
                <a data-href="/?productWidget-widgetCarousel-1-id=10985&amp;do=productWidget-widgetCarousel-1-modal"
                   data-target="productWidget-widgetCarousel-1-productModal"
                   data-product-id="10985"
                   data-product-price="29.9"
                   data-page-title="Country Life Datle bez pecek 250g"
                   data-page-path="/produkt/10985-country-life-datle-bez-pecek-250g"
                   data-user-id=""
                   aria-hidden="true"
                   data-kosikmodal-onclose="onProductModalDestroy"
                   onclick="kosikAjax.click(this, initModalCarousel(this))">
                    <img src="https://cdn.kosik.cz/content/product/jpg/list-retina/placeholder.jpg" data-src="https://cdn.kosik.cz/content/product/jpg/list-retina/28579.jpg" alt="Country Life Datle bez pecek 250g" class="loading-images loading-image">
                </a>




        </div>
                <div class="product-item-info">
                <h5><a href="javascript:void(0)" aria-label="Country Life Datle bez pecek 250g" data-href="/?productWidget-widgetCarousel-1-id=10985&amp;do=productWidget-widgetCarousel-1-modal" class="product-name modal-link"
                   data-target="productWidget-widgetCarousel-1-productModal" onclick="kosikAjax.click(this, initModalCarousel(this))">
                    Country Life Datle bez pecek 250g
                    
                </a></h5>
            <p class="product-item-price ">
                <span class="price-before-discount">
				</span>
                <strong class="price">29,90 Kč</strong>

            </p>
            <p class="product-item-unit">
                    (<strong class="price">119,60 Kč</strong> / kg)
            </p>
                        <div class="product-list-rating">
                <span><ul class="rating"><li class="rating-children rating-1 up" data-rating="1"><i class="fa fa-star"></i></li><li class="rating-children rating-2 up" data-rating="2"><i class="fa fa-star"></i></li><li class="rating-children rating-3 down" data-rating="3"><i class="fa fa-star"></i></li><li class="rating-children rating-4 down" data-rating="4"><i class="fa fa-star"></i></li><li class="rating-children rating-5 down" data-rating="5"><i class="fa fa-star"></i></li></ul></span>
            </div>
<div id="snippet-productWidget-widgetCarousel-1-buy-10985-quantity">        <div class="product-quantity-control">
            <form action="/" method="post" class="ajax" id="frm-productWidget-widgetCarousel-1-buy-10985-quantityForm">
                <input type="text" name="quantity" size="3" id="frm-productWidget-widgetCarousel-1-buy-10985-quantityForm-quantity" data-nette-rules='[{"op":":integer","msg":"Množství musí být číslo."}]' value="1" aria-label="počet k přidání">
                <input type="submit" name="_submit" value="Přidat" class="product-quantity-control-submit plus" aria-label="přidat počet do košíku">
            <input type="hidden" name="do" value="productWidget-widgetCarousel-1-buy-10985-quantityForm-submit"><!--[if IE]><input type=IEbug disabled style="display:none"><![endif]-->
</form>

        </div>
</div>
                <p class="product-incart-info accessible">Produkt nemáte v košíku</p>


        </div>

        
    </div>
    <div id="product-append-29087" class="product-item">
        <div class="product-item-flags">
            <div class="flag-sale ">
                <span class="percents">27<small>&#37;</small></span>
            </div>
        </div>
        <div class="product-item-image">
                <a data-href="/?productWidget-widgetCarousel-1-id=29087&amp;do=productWidget-widgetCarousel-1-modal"
                   data-target="productWidget-widgetCarousel-1-productModal"
                   data-product-id="29087"
                   data-product-price="149.9"
                   data-page-title="Cillit Bang Spray 750ml + Odmašťovač 750ml"
                   data-page-path="/produkt/29087-cillit-bang-spray-750ml-odmastovac-750ml"
                   data-user-id=""
                   aria-hidden="true"
                   data-kosikmodal-onclose="onProductModalDestroy"
                   onclick="kosikAjax.click(this, initModalCarousel(this))">
                    <img src="https://cdn.kosik.cz/content/product/jpg/list-retina/placeholder.jpg" data-src="https://cdn.kosik.cz/content/product/jpg/list-retina/46461.jpg" alt="Cillit Bang Spray 750ml + Odmašťovač 750ml" class="loading-images loading-image">
                </a>




        </div>
                <div class="product-item-info">
                <h5><a href="javascript:void(0)" aria-label="Cillit Bang Spray 750ml + Odmašťovač 750ml" data-href="/?productWidget-widgetCarousel-1-id=29087&amp;do=productWidget-widgetCarousel-1-modal" class="product-name modal-link"
                   data-target="productWidget-widgetCarousel-1-productModal" onclick="kosikAjax.click(this, initModalCarousel(this))">
                    Cillit Bang Spray 750ml + Odmašťovač 750ml
                    
                </a></h5>
            <p class="product-item-price product-in-discount">
                <span class="price-before-discount">
					<span><strong class="price">149,90 Kč</strong></span>
				</span>
                <strong class="price">109,90 Kč</strong>

            </p>
            <p class="product-item-unit">
                    (<strong class="price">73,30 Kč</strong> / l)
            </p>
                        <div class="product-list-rating">
            </div>
<div id="snippet-productWidget-widgetCarousel-1-buy-29087-quantity">        <div class="product-quantity-control">
            <form action="/" method="post" class="ajax" id="frm-productWidget-widgetCarousel-1-buy-29087-quantityForm">
                <input type="text" name="quantity" size="3" id="frm-productWidget-widgetCarousel-1-buy-29087-quantityForm-quantity" data-nette-rules='[{"op":":integer","msg":"Množství musí být číslo."}]' value="1" aria-label="počet k přidání">
                <input type="submit" name="_submit" value="Přidat" class="product-quantity-control-submit plus" aria-label="přidat počet do košíku">
            <input type="hidden" name="do" value="productWidget-widgetCarousel-1-buy-29087-quantityForm-submit"><!--[if IE]><input type=IEbug disabled style="display:none"><![endif]-->
</form>

        </div>
</div>
                <p class="product-incart-info accessible">Produkt nemáte v košíku</p>


        </div>

        
    </div>
    <div id="product-append-43185" class="product-item">
        <div class="product-item-flags">
            <div class="flag-sale ">
                <span class="percents">20<small>&#37;</small></span>
            </div>
        </div>
        <div class="product-item-image">
                <a data-href="/?productWidget-widgetCarousel-1-id=43185&amp;do=productWidget-widgetCarousel-1-modal"
                   data-target="productWidget-widgetCarousel-1-productModal"
                   data-product-id="43185"
                   data-product-price="399.2"
                   data-page-title="Pick Uherský salám (cca 800g)"
                   data-page-path="/produkt/43185-pick-uhersky-salam-cca-800g"
                   data-user-id=""
                   aria-hidden="true"
                   data-kosikmodal-onclose="onProductModalDestroy"
                   onclick="kosikAjax.click(this, initModalCarousel(this))">
                    <img src="https://cdn.kosik.cz/content/product/jpg/list-retina/placeholder.jpg" data-src="https://cdn.kosik.cz/content/product/jpg/list-retina/60902.jpg" alt="Pick Uherský salám (cca 800g)" class="loading-images loading-image">
                </a>




        </div>
                <div class="product-item-info">
                <h5><a href="javascript:void(0)" aria-label="Pick Uherský salám (cca 800g)" data-href="/?productWidget-widgetCarousel-1-id=43185&amp;do=productWidget-widgetCarousel-1-modal" class="product-name modal-link"
                   data-target="productWidget-widgetCarousel-1-productModal" onclick="kosikAjax.click(this, initModalCarousel(this))">
                    Pick Uherský salám (cca 800g)
                    
                </a></h5>
            <p class="product-item-price product-in-discount">
                <span class="price-before-discount">
					<span><strong class="price">399,20 Kč</strong></span>
				</span>
                <small class="circa-prefix">cca </small>
                <strong class="price">319,20 Kč</strong>

            </p>
            <p class="product-item-unit">
                    (<strong class="price">399,00 Kč</strong> / kg)
            </p>
                        <div class="product-list-rating">
            </div>
<div id="snippet-productWidget-widgetCarousel-1-buy-43185-quantity">        <div class="product-quantity-control">
            <form action="/" method="post" class="ajax" id="frm-productWidget-widgetCarousel-1-buy-43185-quantityForm">
                <input type="text" name="quantity" size="3" id="frm-productWidget-widgetCarousel-1-buy-43185-quantityForm-quantity" data-nette-rules='[{"op":":integer","msg":"Množství musí být číslo."}]' value="1" aria-label="počet k přidání">
                <input type="submit" name="_submit" value="Přidat" class="product-quantity-control-submit plus" aria-label="přidat počet do košíku">
            <input type="hidden" name="do" value="productWidget-widgetCarousel-1-buy-43185-quantityForm-submit"><!--[if IE]><input type=IEbug disabled style="display:none"><![endif]-->
</form>

        </div>
</div>
                <p class="product-incart-info accessible">Produkt nemáte v košíku</p>


        </div>

        
    </div>
    <div id="product-append-43177" class="product-item">
        <div class="product-item-flags">
            <div class="flag-sale ">
                <span class="percents">11<small>&#37;</small></span>
            </div>
        </div>
        <div class="product-item-image">
                <a data-href="/?productWidget-widgetCarousel-1-id=43177&amp;do=productWidget-widgetCarousel-1-modal"
                   data-target="productWidget-widgetCarousel-1-productModal"
                   data-product-id="43177"
                   data-product-price="119"
                   data-page-title="Snails day Šnečí jatýrka naložená v česnekovém oleji s bylinkami 35g"
                   data-page-path="/produkt/43177-snails-day-sneci-jatyrka-nalozena-v-cesnekovem-oleji-s-bylinkami-35g"
                   data-user-id=""
                   aria-hidden="true"
                   data-kosikmodal-onclose="onProductModalDestroy"
                   onclick="kosikAjax.click(this, initModalCarousel(this))">
                    <img src="https://cdn.kosik.cz/content/product/jpg/list-retina/placeholder.jpg" data-src="https://cdn.kosik.cz/content/product/jpg/list-retina/60894.jpg" alt="Snails day Šnečí jatýrka naložená v česnekovém oleji s bylinkami 35g" class="loading-images loading-image">
                </a>




        </div>
                <div class="product-item-info">
                <h5><a href="javascript:void(0)" aria-label="Snails day Šnečí jatýrka naložená v česnekovém oleji s bylinkami 35g" data-href="/?productWidget-widgetCarousel-1-id=43177&amp;do=productWidget-widgetCarousel-1-modal" class="product-name modal-link"
                   data-target="productWidget-widgetCarousel-1-productModal" onclick="kosikAjax.click(this, initModalCarousel(this))">
                    Snails day Šnečí jatýrka naložená v česnekovém oleji s bylinkami 35g
                    
                </a></h5>
            <p class="product-item-price product-in-discount">
                <span class="price-before-discount">
					<span><strong class="price">119,00 Kč</strong></span>
				</span>
                <strong class="price">105,90 Kč</strong>

            </p>
            <p class="product-item-unit">
                    (<strong class="price">3 025,70 Kč</strong> / kg)
            </p>
                        <div class="product-list-rating">
            </div>
<div id="snippet-productWidget-widgetCarousel-1-buy-43177-quantity">        <div class="product-quantity-control">
            <form action="/" method="post" class="ajax" id="frm-productWidget-widgetCarousel-1-buy-43177-quantityForm">
                <input type="text" name="quantity" size="3" id="frm-productWidget-widgetCarousel-1-buy-43177-quantityForm-quantity" data-nette-rules='[{"op":":integer","msg":"Množství musí být číslo."}]' value="1" aria-label="počet k přidání">
                <input type="submit" name="_submit" value="Přidat" class="product-quantity-control-submit plus" aria-label="přidat počet do košíku">
            <input type="hidden" name="do" value="productWidget-widgetCarousel-1-buy-43177-quantityForm-submit"><!--[if IE]><input type=IEbug disabled style="display:none"><![endif]-->
</form>

        </div>
</div>
                <p class="product-incart-info accessible">Produkt nemáte v košíku</p>


        </div>

        
    </div>
    <div id="product-append-35575" class="product-item">
        <div class="product-item-flags">
            <div class="flag-sale ">
                <span class="percents">22<small>&#37;</small></span>
            </div>
        </div>
        <div class="product-item-image">
                <a data-href="/?productWidget-widgetCarousel-1-id=35575&amp;do=productWidget-widgetCarousel-1-modal"
                   data-target="productWidget-widgetCarousel-1-productModal"
                   data-product-id="35575"
                   data-product-price="143.2"
                   data-page-title="Pikant slanina (cca 800g)"
                   data-page-path="/produkt/35575-pikant-slanina-cca-800g"
                   data-user-id=""
                   aria-hidden="true"
                   data-kosikmodal-onclose="onProductModalDestroy"
                   onclick="kosikAjax.click(this, initModalCarousel(this))">
                    <img src="https://cdn.kosik.cz/content/product/jpg/list-retina/placeholder.jpg" data-src="https://cdn.kosik.cz/content/product/jpg/list-retina/53105.jpg" alt="Pikant slanina (cca 800g)" class="loading-images loading-image">
                </a>




        </div>
                <div class="product-item-info">
                <h5><a href="javascript:void(0)" aria-label="Pikant slanina (cca 800g)" data-href="/?productWidget-widgetCarousel-1-id=35575&amp;do=productWidget-widgetCarousel-1-modal" class="product-name modal-link"
                   data-target="productWidget-widgetCarousel-1-productModal" onclick="kosikAjax.click(this, initModalCarousel(this))">
                    Pikant slanina (cca 800g)
                    
                </a></h5>
            <p class="product-item-price product-in-discount">
                <span class="price-before-discount">
					<span><strong class="price">143,20 Kč</strong></span>
				</span>
                <small class="circa-prefix">cca </small>
                <strong class="price">111,20 Kč</strong>

            </p>
            <p class="product-item-unit">
                    (<strong class="price">139,00 Kč</strong> / kg)
            </p>
                        <div class="product-list-rating">
            </div>
<div id="snippet-productWidget-widgetCarousel-1-buy-35575-quantity">        <div class="product-quantity-control">
            <form action="/" method="post" class="ajax" id="frm-productWidget-widgetCarousel-1-buy-35575-quantityForm">
                <input type="text" name="quantity" size="3" id="frm-productWidget-widgetCarousel-1-buy-35575-quantityForm-quantity" data-nette-rules='[{"op":":integer","msg":"Množství musí být číslo."}]' value="1" aria-label="počet k přidání">
                <input type="submit" name="_submit" value="Přidat" class="product-quantity-control-submit plus" aria-label="přidat počet do košíku">
            <input type="hidden" name="do" value="productWidget-widgetCarousel-1-buy-35575-quantityForm-submit"><!--[if IE]><input type=IEbug disabled style="display:none"><![endif]-->
</form>

        </div>
</div>
                <p class="product-incart-info accessible">Produkt nemáte v košíku</p>


        </div>

        
    </div>
    <div id="product-append-30974" class="product-item">
        <div class="product-item-flags">
            <div class="flag-sale ">
                <span class="percents">30<small>&#37;</small></span>
            </div>
        </div>
        <div class="product-item-image">
                <a data-href="/?productWidget-widgetCarousel-1-id=30974&amp;do=productWidget-widgetCarousel-1-modal"
                   data-target="productWidget-widgetCarousel-1-productModal"
                   data-product-id="30974"
                   data-product-price="26.9"
                   data-page-title="Chléb moskevský krájený balený 390g"
                   data-page-path="/produkt/30974-chleb-moskevsky-krajeny-baleny-390g"
                   data-user-id=""
                   aria-hidden="true"
                   data-kosikmodal-onclose="onProductModalDestroy"
                   onclick="kosikAjax.click(this, initModalCarousel(this))">
                    <img src="https://cdn.kosik.cz/content/product/jpg/list-retina/placeholder.jpg" data-src="https://cdn.kosik.cz/content/product/jpg/list-retina/48372.jpg" alt="Chléb moskevský krájený balený 390g" class="loading-images loading-image">
                </a>




        </div>
                <div class="product-item-info">
                <h5><a href="javascript:void(0)" aria-label="Chléb moskevský krájený balený 390g" data-href="/?productWidget-widgetCarousel-1-id=30974&amp;do=productWidget-widgetCarousel-1-modal" class="product-name modal-link"
                   data-target="productWidget-widgetCarousel-1-productModal" onclick="kosikAjax.click(this, initModalCarousel(this))">
                    Chléb moskevský krájený balený 390g
                    
                </a></h5>
            <p class="product-item-price product-in-discount">
                <span class="price-before-discount">
					<span><strong class="price">26,90 Kč</strong></span>
				</span>
                <strong class="price">18,90 Kč</strong>

            </p>
            <p class="product-item-unit">
                    (<strong class="price">48,50 Kč</strong> / kg)
            </p>
                        <div class="product-list-rating">
            </div>
<div id="snippet-productWidget-widgetCarousel-1-buy-30974-quantity">        <div class="product-quantity-control">
            <form action="/" method="post" class="ajax" id="frm-productWidget-widgetCarousel-1-buy-30974-quantityForm">
                <input type="text" name="quantity" size="3" id="frm-productWidget-widgetCarousel-1-buy-30974-quantityForm-quantity" data-nette-rules='[{"op":":integer","msg":"Množství musí být číslo."}]' value="1" aria-label="počet k přidání">
                <input type="submit" name="_submit" value="Přidat" class="product-quantity-control-submit plus" aria-label="přidat počet do košíku">
            <input type="hidden" name="do" value="productWidget-widgetCarousel-1-buy-30974-quantityForm-submit"><!--[if IE]><input type=IEbug disabled style="display:none"><![endif]-->
</form>

        </div>
</div>
                <p class="product-incart-info accessible">Produkt nemáte v košíku</p>


        </div>

        
    </div>
    <div id="product-append-49549" class="product-item">
        <div class="product-item-flags">
            <div class="flag-sale ">
                <span class="percents">41<small>&#37;</small></span>
            </div>
        </div>
        <div class="product-item-image">
                <a data-href="/?productWidget-widgetCarousel-1-id=49549&amp;do=productWidget-widgetCarousel-1-modal"
                   data-target="productWidget-widgetCarousel-1-productModal"
                   data-product-id="49549"
                   data-product-price="4.9"
                   data-page-title="Vandemoortele Profiterolky 12,5g KS"
                   data-page-path="/produkt/49549-vandemoortele-profiterolky-12-5g-ks"
                   data-user-id=""
                   aria-hidden="true"
                   data-kosikmodal-onclose="onProductModalDestroy"
                   onclick="kosikAjax.click(this, initModalCarousel(this))">
                    <img src="https://cdn.kosik.cz/content/product/jpg/list-retina/placeholder.jpg" data-src="https://cdn.kosik.cz/content/product/jpg/list-retina/67114.jpg" alt="Vandemoortele Profiterolky 12,5g KS" class="loading-images loading-image">
                </a>




        </div>
                <div class="product-item-info">
                <h5><a href="javascript:void(0)" aria-label="Vandemoortele Profiterolky 12,5g KS" data-href="/?productWidget-widgetCarousel-1-id=49549&amp;do=productWidget-widgetCarousel-1-modal" class="product-name modal-link"
                   data-target="productWidget-widgetCarousel-1-productModal" onclick="kosikAjax.click(this, initModalCarousel(this))">
                    Vandemoortele Profiterolky 12,5g KS
                    
                </a></h5>
            <p class="product-item-price product-in-discount">
                <span class="price-before-discount">
					<span><strong class="price">4,90 Kč</strong></span>
				</span>
                <strong class="price">2,90 Kč</strong>

            </p>
            <p class="product-item-unit">
                    (<strong class="price">232,00 Kč</strong> / kg)
            </p>
                        <div class="product-list-rating">
            </div>
<div id="snippet-productWidget-widgetCarousel-1-buy-49549-quantity">        <div class="product-quantity-control">
            <form action="/" method="post" class="ajax" id="frm-productWidget-widgetCarousel-1-buy-49549-quantityForm">
                <input type="text" name="quantity" size="3" id="frm-productWidget-widgetCarousel-1-buy-49549-quantityForm-quantity" data-nette-rules='[{"op":":integer","msg":"Množství musí být číslo."}]' value="1" aria-label="počet k přidání">
                <input type="submit" name="_submit" value="Přidat" class="product-quantity-control-submit plus" aria-label="přidat počet do košíku">
            <input type="hidden" name="do" value="productWidget-widgetCarousel-1-buy-49549-quantityForm-submit"><!--[if IE]><input type=IEbug disabled style="display:none"><![endif]-->
</form>

        </div>
</div>
                <p class="product-incart-info accessible">Produkt nemáte v košíku</p>


        </div>

        
    </div>
    <div id="product-append-1155" class="product-item">
        <div class="product-item-flags">
            <div class="flag-sale ">
                <span class="percents">13<small>&#37;</small></span>
            </div>
        </div>
        <div class="product-item-image">
                <a data-href="/?productWidget-widgetCarousel-1-id=1155&amp;do=productWidget-widgetCarousel-1-modal"
                   data-target="productWidget-widgetCarousel-1-productModal"
                   data-product-id="1155"
                   data-product-price="14.9"
                   data-page-title="Wrigley's Airwaves Žvýkačka bez cukru s příchutí mentolu a eukalyptu 14g"
                   data-page-path="/produkt/1155-wrigley-s-airwaves-zvykacka-bez-cukru-s-prichuti-mentolu-a-eukalyptu-14g"
                   data-user-id=""
                   aria-hidden="true"
                   data-kosikmodal-onclose="onProductModalDestroy"
                   onclick="kosikAjax.click(this, initModalCarousel(this))">
                    <img src="https://cdn.kosik.cz/content/product/jpg/list-retina/placeholder.jpg" data-src="https://cdn.kosik.cz/content/product/jpg/list-retina/1222.jpg" alt="Wrigley's Airwaves Žvýkačka bez cukru s příchutí mentolu a eukalyptu 14g" class="loading-images loading-image">
                </a>




        </div>
                <div class="product-item-info">
                <h5><a href="javascript:void(0)" aria-label="Wrigley's Airwaves Žvýkačka bez cukru s příchutí mentolu a eukalyptu 14g" data-href="/?productWidget-widgetCarousel-1-id=1155&amp;do=productWidget-widgetCarousel-1-modal" class="product-name modal-link"
                   data-target="productWidget-widgetCarousel-1-productModal" onclick="kosikAjax.click(this, initModalCarousel(this))">
                    Wrigley's Airwaves Žvýkačka bez cukru s příchutí mentolu a eukalyptu 14g
                    
                </a></h5>
            <p class="product-item-price product-in-discount">
                <span class="price-before-discount">
					<span><strong class="price">14,90 Kč</strong></span>
				</span>
                <strong class="price">12,90 Kč</strong>

            </p>
            <p class="product-item-unit">
                    (<strong class="price">1 290,00 Kč</strong> / kg)
            </p>
                        <div class="product-list-rating">
            </div>
<div id="snippet-productWidget-widgetCarousel-1-buy-1155-quantity">        <div class="product-quantity-control">
            <form action="/" method="post" class="ajax" id="frm-productWidget-widgetCarousel-1-buy-1155-quantityForm">
                <input type="text" name="quantity" size="3" id="frm-productWidget-widgetCarousel-1-buy-1155-quantityForm-quantity" data-nette-rules='[{"op":":integer","msg":"Množství musí být číslo."}]' value="1" aria-label="počet k přidání">
                <input type="submit" name="_submit" value="Přidat" class="product-quantity-control-submit plus" aria-label="přidat počet do košíku">
            <input type="hidden" name="do" value="productWidget-widgetCarousel-1-buy-1155-quantityForm-submit"><!--[if IE]><input type=IEbug disabled style="display:none"><![endif]-->
</form>

        </div>
</div>
                <p class="product-incart-info accessible">Produkt nemáte v košíku</p>


        </div>

        
    </div>
    <div id="product-append-42876" class="product-item">
        <div class="product-item-flags">
            <div class="flag-sale ">
                <span class="percents">19<small>&#37;</small></span>
            </div>
        </div>
        <div class="product-item-image">
                <a data-href="/?productWidget-widgetCarousel-1-id=42876&amp;do=productWidget-widgetCarousel-1-modal"
                   data-target="productWidget-widgetCarousel-1-productModal"
                   data-product-id="42876"
                   data-product-price="26.9"
                   data-page-title="Chocoland Šmoulové - plastové vejce s překvapením 10g"
                   data-page-path="/produkt/42876-chocoland-smoulove-plastove-vejce-s-prekvapenim-10g"
                   data-user-id=""
                   aria-hidden="true"
                   data-kosikmodal-onclose="onProductModalDestroy"
                   onclick="kosikAjax.click(this, initModalCarousel(this))">
                    <img src="https://cdn.kosik.cz/content/product/jpg/list-retina/placeholder.jpg" data-src="https://cdn.kosik.cz/content/product/jpg/list-retina/60593.jpg" alt="Chocoland Šmoulové - plastové vejce s překvapením 10g" class="loading-images loading-image">
                </a>




        </div>
                <div class="product-item-info">
                <h5><a href="javascript:void(0)" aria-label="Chocoland Šmoulové - plastové vejce s překvapením 10g" data-href="/?productWidget-widgetCarousel-1-id=42876&amp;do=productWidget-widgetCarousel-1-modal" class="product-name modal-link"
                   data-target="productWidget-widgetCarousel-1-productModal" onclick="kosikAjax.click(this, initModalCarousel(this))">
                    Chocoland Šmoulové - plastové vejce s překvapením 10g
                    
                </a></h5>
            <p class="product-item-price product-in-discount">
                <span class="price-before-discount">
					<span><strong class="price">26,90 Kč</strong></span>
				</span>
                <strong class="price">21,90 Kč</strong>

            </p>
            <p class="product-item-unit">
                    (<strong class="price">2 190,00 Kč</strong> / Kg)
            </p>
                        <div class="product-list-rating">
            </div>
<div id="snippet-productWidget-widgetCarousel-1-buy-42876-quantity">        <div class="product-quantity-control">
            <form action="/" method="post" class="ajax" id="frm-productWidget-widgetCarousel-1-buy-42876-quantityForm">
                <input type="text" name="quantity" size="3" id="frm-productWidget-widgetCarousel-1-buy-42876-quantityForm-quantity" data-nette-rules='[{"op":":integer","msg":"Množství musí být číslo."}]' value="1" aria-label="počet k přidání">
                <input type="submit" name="_submit" value="Přidat" class="product-quantity-control-submit plus" aria-label="přidat počet do košíku">
            <input type="hidden" name="do" value="productWidget-widgetCarousel-1-buy-42876-quantityForm-submit"><!--[if IE]><input type=IEbug disabled style="display:none"><![endif]-->
</form>

        </div>
</div>
                <p class="product-incart-info accessible">Produkt nemáte v košíku</p>


        </div>

        
    </div>
    <div id="product-append-10141" class="product-item">
        <div class="product-item-flags">
            <div class="flag-sale ">
                <span class="percents">15<small>&#37;</small></span>
            </div>
        </div>
        <div class="product-item-image">
                <a data-href="/?productWidget-widgetCarousel-1-id=10141&amp;do=productWidget-widgetCarousel-1-modal"
                   data-target="productWidget-widgetCarousel-1-productModal"
                   data-product-id="10141"
                   data-product-price="749"
                   data-page-title="Jack Daniel's Honey 1l"
                   data-page-path="/produkt/10141-jack-daniel-s-honey-1l"
                   data-user-id=""
                   aria-hidden="true"
                   data-kosikmodal-onclose="onProductModalDestroy"
                   onclick="kosikAjax.click(this, initModalCarousel(this))">
                    <img src="https://cdn.kosik.cz/content/product/jpg/list-retina/placeholder.jpg" data-src="https://cdn.kosik.cz/content/product/jpg/list-retina/27928.jpg" alt="Jack Daniel's Honey 1l" class="loading-images loading-image">
                </a>




        </div>
                <div class="product-item-info">
                <h5><a href="javascript:void(0)" aria-label="Jack Daniel's Honey 1l" data-href="/?productWidget-widgetCarousel-1-id=10141&amp;do=productWidget-widgetCarousel-1-modal" class="product-name modal-link"
                   data-target="productWidget-widgetCarousel-1-productModal" onclick="kosikAjax.click(this, initModalCarousel(this))">
                    Jack Daniel's Honey 1l
                    
                </a></h5>
            <p class="product-item-price product-in-discount">
                <span class="price-before-discount">
					<span><strong class="price">749,00 Kč</strong></span>
				</span>
                <strong class="price">639,00 Kč</strong>

            </p>
            <p class="product-item-unit">
                    (<strong class="price">639,00 Kč</strong> / l)
            </p>
                        <div class="product-list-rating">
            </div>
<div id="snippet-productWidget-widgetCarousel-1-buy-10141-quantity">        <div class="product-quantity-control">
            <form action="/" method="post" class="ajax" id="frm-productWidget-widgetCarousel-1-buy-10141-quantityForm">
                <input type="text" name="quantity" size="3" id="frm-productWidget-widgetCarousel-1-buy-10141-quantityForm-quantity" data-nette-rules='[{"op":":integer","msg":"Množství musí být číslo."}]' value="1" aria-label="počet k přidání">
                <input type="submit" name="_submit" value="Přidat" class="product-quantity-control-submit plus" aria-label="přidat počet do košíku">
            <input type="hidden" name="do" value="productWidget-widgetCarousel-1-buy-10141-quantityForm-submit"><!--[if IE]><input type=IEbug disabled style="display:none"><![endif]-->
</form>

        </div>
</div>
                <p class="product-incart-info accessible">Produkt nemáte v košíku</p>


        </div>

        
    </div>
    <div id="product-append-15631" class="product-item">
        <div class="product-item-flags">
            <div class="flag-sale ">
                <span class="percents">25<small>&#37;</small></span>
            </div>
        </div>
        <div class="product-item-image">
                <a data-href="/?productWidget-widgetCarousel-1-id=15631&amp;do=productWidget-widgetCarousel-1-modal"
                   data-target="productWidget-widgetCarousel-1-productModal"
                   data-product-id="15631"
                   data-product-price="39.9"
                   data-page-title="Biopekárna Zemanka Jablečné bio hrudky se skořicí a vločkami 100g"
                   data-page-path="/produkt/15631-biopekarna-zemanka-jablecne-bio-hrudky-se-skorici-a-vlockami-100g"
                   data-user-id=""
                   aria-hidden="true"
                   data-kosikmodal-onclose="onProductModalDestroy"
                   onclick="kosikAjax.click(this, initModalCarousel(this))">
                    <img src="https://cdn.kosik.cz/content/product/jpg/list-retina/placeholder.jpg" data-src="https://cdn.kosik.cz/content/product/jpg/list-retina/32899.jpg" alt="Biopekárna Zemanka Jablečné bio hrudky se skořicí a vločkami 100g" class="loading-images loading-image">
                </a>




        </div>
                <div class="product-item-info">
                <h5><a href="javascript:void(0)" aria-label="Biopekárna Zemanka Jablečné bio hrudky se skořicí a vločkami 100g" data-href="/?productWidget-widgetCarousel-1-id=15631&amp;do=productWidget-widgetCarousel-1-modal" class="product-name modal-link"
                   data-target="productWidget-widgetCarousel-1-productModal" onclick="kosikAjax.click(this, initModalCarousel(this))">
                    Biopekárna Zemanka Jablečné bio hrudky se skořicí a vločkami 100g
                    
                </a></h5>
            <p class="product-item-price product-in-discount">
                <span class="price-before-discount">
					<span><strong class="price">39,90 Kč</strong></span>
				</span>
                <strong class="price">29,90 Kč</strong>

            </p>
            <p class="product-item-unit">
                    (<strong class="price">299,00 Kč</strong> / kg)
            </p>
                        <div class="product-list-rating">
            </div>
<div id="snippet-productWidget-widgetCarousel-1-buy-15631-quantity">        <div class="product-quantity-control">
            <form action="/" method="post" class="ajax" id="frm-productWidget-widgetCarousel-1-buy-15631-quantityForm">
                <input type="text" name="quantity" size="3" id="frm-productWidget-widgetCarousel-1-buy-15631-quantityForm-quantity" data-nette-rules='[{"op":":integer","msg":"Množství musí být číslo."}]' value="1" aria-label="počet k přidání">
                <input type="submit" name="_submit" value="Přidat" class="product-quantity-control-submit plus" aria-label="přidat počet do košíku">
            <input type="hidden" name="do" value="productWidget-widgetCarousel-1-buy-15631-quantityForm-submit"><!--[if IE]><input type=IEbug disabled style="display:none"><![endif]-->
</form>

        </div>
</div>
                <p class="product-incart-info accessible">Produkt nemáte v košíku</p>


        </div>

        
    </div>
    <div id="product-append-24629" class="product-item">
        <div class="product-item-flags">
            <div class="flag-sale ">
                <span class="percents">15<small>&#37;</small></span>
            </div>
        </div>
        <div class="product-item-image">
                <a data-href="/?productWidget-widgetCarousel-1-id=24629&amp;do=productWidget-widgetCarousel-1-modal"
                   data-target="productWidget-widgetCarousel-1-productModal"
                   data-product-id="24629"
                   data-product-price="58.9"
                   data-page-title="Karl Fazer Travel Mint and choco drops 130g"
                   data-page-path="/produkt/24629-karl-fazer-travel-mint-and-choco-drops-130g"
                   data-user-id=""
                   aria-hidden="true"
                   data-kosikmodal-onclose="onProductModalDestroy"
                   onclick="kosikAjax.click(this, initModalCarousel(this))">
                    <img src="https://cdn.kosik.cz/content/product/jpg/list-retina/placeholder.jpg" data-src="https://cdn.kosik.cz/content/product/jpg/list-retina/41884.jpg" alt="Karl Fazer Travel Mint and choco drops 130g" class="loading-images loading-image">
                </a>




        </div>
                <div class="product-item-info">
                <h5><a href="javascript:void(0)" aria-label="Karl Fazer Travel Mint and choco drops 130g" data-href="/?productWidget-widgetCarousel-1-id=24629&amp;do=productWidget-widgetCarousel-1-modal" class="product-name modal-link"
                   data-target="productWidget-widgetCarousel-1-productModal" onclick="kosikAjax.click(this, initModalCarousel(this))">
                    Karl Fazer Travel Mint and choco drops 130g
                    
                </a></h5>
            <p class="product-item-price product-in-discount">
                <span class="price-before-discount">
					<span><strong class="price">58,90 Kč</strong></span>
				</span>
                <strong class="price">49,90 Kč</strong>

            </p>
            <p class="product-item-unit">
                    (<strong class="price">383,80 Kč</strong> / kg)
            </p>
                        <div class="product-list-rating">
            </div>
<div id="snippet-productWidget-widgetCarousel-1-buy-24629-quantity">        <div class="product-quantity-control">
            <form action="/" method="post" class="ajax" id="frm-productWidget-widgetCarousel-1-buy-24629-quantityForm">
                <input type="text" name="quantity" size="3" id="frm-productWidget-widgetCarousel-1-buy-24629-quantityForm-quantity" data-nette-rules='[{"op":":integer","msg":"Množství musí být číslo."}]' value="1" aria-label="počet k přidání">
                <input type="submit" name="_submit" value="Přidat" class="product-quantity-control-submit plus" aria-label="přidat počet do košíku">
            <input type="hidden" name="do" value="productWidget-widgetCarousel-1-buy-24629-quantityForm-submit"><!--[if IE]><input type=IEbug disabled style="display:none"><![endif]-->
</form>

        </div>
</div>
                <p class="product-incart-info accessible">Produkt nemáte v košíku</p>


        </div>

        
    </div>
    <div id="product-append-36944" class="product-item">
        <div class="product-item-flags">
            <div class="flag-sale ">
                <span class="percents">18<small>&#37;</small></span>
            </div>
        </div>
        <div class="product-item-image">
                <a data-href="/?productWidget-widgetCarousel-1-id=36944&amp;do=productWidget-widgetCarousel-1-modal"
                   data-target="productWidget-widgetCarousel-1-productModal"
                   data-product-id="36944"
                   data-product-price="109"
                   data-page-title="Skare Carpaccio s parmezánem a olivovým olejem 100g"
                   data-page-path="/produkt/36944-skare-carpaccio-s-parmezanem-a-olivovym-olejem-100g"
                   data-user-id=""
                   aria-hidden="true"
                   data-kosikmodal-onclose="onProductModalDestroy"
                   onclick="kosikAjax.click(this, initModalCarousel(this))">
                    <img src="https://cdn.kosik.cz/content/product/jpg/list-retina/placeholder.jpg" data-src="https://cdn.kosik.cz/content/product/jpg/list-retina/54562.jpg" alt="Skare Carpaccio s parmezánem a olivovým olejem 100g" class="loading-images loading-image">
                </a>




        </div>
                <div class="product-item-info">
                <h5><a href="javascript:void(0)" aria-label="Skare Carpaccio s parmezánem a olivovým olejem 100g" data-href="/?productWidget-widgetCarousel-1-id=36944&amp;do=productWidget-widgetCarousel-1-modal" class="product-name modal-link"
                   data-target="productWidget-widgetCarousel-1-productModal" onclick="kosikAjax.click(this, initModalCarousel(this))">
                    Skare Carpaccio s parmezánem a olivovým olejem 100g
                    
                </a></h5>
            <p class="product-item-price product-in-discount">
                <span class="price-before-discount">
					<span><strong class="price">109,00 Kč</strong></span>
				</span>
                <strong class="price">89,90 Kč</strong>

            </p>
            <p class="product-item-unit">
                    (<strong class="price">781,70 Kč</strong> / kg)
            </p>
                        <div class="product-list-rating">
            </div>
<div id="snippet-productWidget-widgetCarousel-1-buy-36944-quantity">        <div class="product-quantity-control">
            <form action="/" method="post" class="ajax" id="frm-productWidget-widgetCarousel-1-buy-36944-quantityForm">
                <input type="text" name="quantity" size="3" id="frm-productWidget-widgetCarousel-1-buy-36944-quantityForm-quantity" data-nette-rules='[{"op":":integer","msg":"Množství musí být číslo."}]' value="1" aria-label="počet k přidání">
                <input type="submit" name="_submit" value="Přidat" class="product-quantity-control-submit plus" aria-label="přidat počet do košíku">
            <input type="hidden" name="do" value="productWidget-widgetCarousel-1-buy-36944-quantityForm-submit"><!--[if IE]><input type=IEbug disabled style="display:none"><![endif]-->
</form>

        </div>
</div>
                <p class="product-incart-info accessible">Produkt nemáte v košíku</p>


        </div>

        
    </div>
    <div id="product-append-36485" class="product-item">
        <div class="product-item-flags">
        </div>
        <div class="product-item-image">
                <a data-href="/?productWidget-widgetCarousel-1-id=36485&amp;do=productWidget-widgetCarousel-1-modal"
                   data-target="productWidget-widgetCarousel-1-productModal"
                   data-product-id="36485"
                   data-product-price="24.9"
                   data-page-title="Chio Taccos 65g"
                   data-page-path="/produkt/36485-chio-taccos-65g"
                   data-user-id=""
                   aria-hidden="true"
                   data-kosikmodal-onclose="onProductModalDestroy"
                   onclick="kosikAjax.click(this, initModalCarousel(this))">
                    <img src="https://cdn.kosik.cz/content/product/jpg/list-retina/placeholder.jpg" data-src="https://cdn.kosik.cz/content/product/jpg/list-retina/54068.jpg" alt="Chio Taccos 65g" class="loading-images loading-image">
                </a>




        </div>
                <div class="product-item-info">
                <h5><a href="javascript:void(0)" aria-label="Chio Taccos 65g" data-href="/?productWidget-widgetCarousel-1-id=36485&amp;do=productWidget-widgetCarousel-1-modal" class="product-name modal-link"
                   data-target="productWidget-widgetCarousel-1-productModal" onclick="kosikAjax.click(this, initModalCarousel(this))">
                    Chio Taccos 65g
                    
                </a></h5>
            <p class="product-item-price ">
                <span class="price-before-discount">
				</span>
                <strong class="price">24,90 Kč</strong>

            </p>
            <p class="product-item-unit">
                    (<strong class="price">383,10 Kč</strong> / kg)
            </p>
                        <div class="product-list-rating">
            </div>
<div id="snippet-productWidget-widgetCarousel-1-buy-36485-quantity">        <div class="product-quantity-control">
            <form action="/" method="post" class="ajax" id="frm-productWidget-widgetCarousel-1-buy-36485-quantityForm">
                <input type="text" name="quantity" size="3" id="frm-productWidget-widgetCarousel-1-buy-36485-quantityForm-quantity" data-nette-rules='[{"op":":integer","msg":"Množství musí být číslo."}]' value="1" aria-label="počet k přidání">
                <input type="submit" name="_submit" value="Přidat" class="product-quantity-control-submit plus" aria-label="přidat počet do košíku">
            <input type="hidden" name="do" value="productWidget-widgetCarousel-1-buy-36485-quantityForm-submit"><!--[if IE]><input type=IEbug disabled style="display:none"><![endif]-->
</form>

        </div>
</div>
                <p class="product-incart-info accessible">Produkt nemáte v košíku</p>


        </div>

        
    </div>
    <div id="product-append-49069" class="product-item">
        <div class="product-item-flags">
            <div class="flag-sale ">
                <span class="percents">24<small>&#37;</small></span>
            </div>
        </div>
        <div class="product-item-image">
                <a data-href="/?productWidget-widgetCarousel-1-id=49069&amp;do=productWidget-widgetCarousel-1-modal"
                   data-target="productWidget-widgetCarousel-1-productModal"
                   data-product-id="49069"
                   data-product-price="16.9"
                   data-page-title="Wright´s Orbit White Spearmint 14g"
                   data-page-path="/produkt/49069-wrights-orbit-white-spearmint-14g"
                   data-user-id=""
                   aria-hidden="true"
                   data-kosikmodal-onclose="onProductModalDestroy"
                   onclick="kosikAjax.click(this, initModalCarousel(this))">
                    <img src="https://cdn.kosik.cz/content/product/jpg/list-retina/placeholder.jpg" data-src="https://cdn.kosik.cz/content/product/jpg/list-retina/66625.jpg" alt="Wright´s Orbit White Spearmint 14g" class="loading-images loading-image">
                </a>




        </div>
                <div class="product-item-info">
                <h5><a href="javascript:void(0)" aria-label="Wright´s Orbit White Spearmint 14g" data-href="/?productWidget-widgetCarousel-1-id=49069&amp;do=productWidget-widgetCarousel-1-modal" class="product-name modal-link"
                   data-target="productWidget-widgetCarousel-1-productModal" onclick="kosikAjax.click(this, initModalCarousel(this))">
                    Wright´s Orbit White Spearmint 14g
                    <br><span class="new-product">Novinka</span>
                </a></h5>
            <p class="product-item-price product-in-discount">
                <span class="price-before-discount">
					<span><strong class="price">16,90 Kč</strong></span>
				</span>
                <strong class="price">12,90 Kč</strong>

            </p>
            <p class="product-item-unit">
                    (<strong class="price">921,40 Kč</strong> / kg)
            </p>
                        <div class="product-list-rating">
            </div>
<div id="snippet-productWidget-widgetCarousel-1-buy-49069-quantity">        <div class="product-quantity-control">
            <form action="/" method="post" class="ajax" id="frm-productWidget-widgetCarousel-1-buy-49069-quantityForm">
                <input type="text" name="quantity" size="3" id="frm-productWidget-widgetCarousel-1-buy-49069-quantityForm-quantity" data-nette-rules='[{"op":":integer","msg":"Množství musí být číslo."}]' value="1" aria-label="počet k přidání">
                <input type="submit" name="_submit" value="Přidat" class="product-quantity-control-submit plus" aria-label="přidat počet do košíku">
            <input type="hidden" name="do" value="productWidget-widgetCarousel-1-buy-49069-quantityForm-submit"><!--[if IE]><input type=IEbug disabled style="display:none"><![endif]-->
</form>

        </div>
</div>
                <p class="product-incart-info accessible">Produkt nemáte v košíku</p>


        </div>

        
    </div>
    <div id="product-append-40939" class="product-item">
        <div class="product-item-flags">
            <div class="flag-sale ">
                <span class="percents">26<small>&#37;</small></span>
            </div>
        </div>
        <div class="product-item-image">
                <a data-href="/?productWidget-widgetCarousel-1-id=40939&amp;do=productWidget-widgetCarousel-1-modal"
                   data-target="productWidget-widgetCarousel-1-productModal"
                   data-product-id="40939"
                   data-product-price="26.9"
                   data-page-title="Váhala Vejce v aspiku 150g"
                   data-page-path="/produkt/40939-vahala-vejce-v-aspiku-150g"
                   data-user-id=""
                   aria-hidden="true"
                   data-kosikmodal-onclose="onProductModalDestroy"
                   onclick="kosikAjax.click(this, initModalCarousel(this))">
                    <img src="https://cdn.kosik.cz/content/product/jpg/list-retina/placeholder.jpg" data-src="https://cdn.kosik.cz/content/product/jpg/list-retina/58656.jpg" alt="Váhala Vejce v aspiku 150g" class="loading-images loading-image">
                </a>




        </div>
                <div class="product-item-info">
                <h5><a href="javascript:void(0)" aria-label="Váhala Vejce v aspiku 150g" data-href="/?productWidget-widgetCarousel-1-id=40939&amp;do=productWidget-widgetCarousel-1-modal" class="product-name modal-link"
                   data-target="productWidget-widgetCarousel-1-productModal" onclick="kosikAjax.click(this, initModalCarousel(this))">
                    Váhala Vejce v aspiku 150g
                    
                </a></h5>
            <p class="product-item-price product-in-discount">
                <span class="price-before-discount">
					<span><strong class="price">26,90 Kč</strong></span>
				</span>
                <strong class="price">19,90 Kč</strong>

            </p>
            <p class="product-item-unit">
                    (<strong class="price">132,70 Kč</strong> / kg)
            </p>
                        <div class="product-list-rating">
                <span><ul class="rating"><li class="rating-children rating-1 up" data-rating="1"><i class="fa fa-star"></i></li><li class="rating-children rating-2 up" data-rating="2"><i class="fa fa-star"></i></li><li class="rating-children rating-3 up" data-rating="3"><i class="fa fa-star"></i></li><li class="rating-children rating-4 up" data-rating="4"><i class="fa fa-star"></i></li><li class="rating-children rating-5 up" data-rating="5"><i class="fa fa-star"></i></li></ul></span>
            </div>
<div id="snippet-productWidget-widgetCarousel-1-buy-40939-quantity">        <div class="product-quantity-control">
            <form action="/" method="post" class="ajax" id="frm-productWidget-widgetCarousel-1-buy-40939-quantityForm">
                <input type="text" name="quantity" size="3" id="frm-productWidget-widgetCarousel-1-buy-40939-quantityForm-quantity" data-nette-rules='[{"op":":integer","msg":"Množství musí být číslo."}]' value="1" aria-label="počet k přidání">
                <input type="submit" name="_submit" value="Přidat" class="product-quantity-control-submit plus" aria-label="přidat počet do košíku">
            <input type="hidden" name="do" value="productWidget-widgetCarousel-1-buy-40939-quantityForm-submit"><!--[if IE]><input type=IEbug disabled style="display:none"><![endif]-->
</form>

        </div>
</div>
                <p class="product-incart-info accessible">Produkt nemáte v košíku</p>


        </div>

        
    </div>
    <div id="product-append-3647" class="product-item">
        <div class="product-item-flags">
            <div class="flag-sale ">
                <span class="percents">19<small>&#37;</small></span>
            </div>
        </div>
        <div class="product-item-image">
                <a data-href="/?productWidget-widgetCarousel-1-id=3647&amp;do=productWidget-widgetCarousel-1-modal"
                   data-target="productWidget-widgetCarousel-1-productModal"
                   data-product-id="3647"
                   data-product-price="53.9"
                   data-page-title="Manner Piškoty vaječné 200g"
                   data-page-path="/produkt/3647-manner-piskoty-vajecne-200g"
                   data-user-id=""
                   aria-hidden="true"
                   data-kosikmodal-onclose="onProductModalDestroy"
                   onclick="kosikAjax.click(this, initModalCarousel(this))">
                    <img src="https://cdn.kosik.cz/content/product/jpg/list-retina/placeholder.jpg" data-src="https://cdn.kosik.cz/content/product/jpg/list-retina/3788.jpg" alt="Manner Piškoty vaječné 200g" class="loading-images loading-image">
                </a>




        </div>
                <div class="product-item-info">
                <h5><a href="javascript:void(0)" aria-label="Manner Piškoty vaječné 200g" data-href="/?productWidget-widgetCarousel-1-id=3647&amp;do=productWidget-widgetCarousel-1-modal" class="product-name modal-link"
                   data-target="productWidget-widgetCarousel-1-productModal" onclick="kosikAjax.click(this, initModalCarousel(this))">
                    Manner Piškoty vaječné 200g
                    
                </a></h5>
            <p class="product-item-price product-in-discount">
                <span class="price-before-discount">
					<span><strong class="price">53,90 Kč</strong></span>
				</span>
                <strong class="price">43,90 Kč</strong>

            </p>
            <p class="product-item-unit">
                    (<strong class="price">219,50 Kč</strong> / kg)
            </p>
                        <div class="product-list-rating">
            </div>
<div id="snippet-productWidget-widgetCarousel-1-buy-3647-quantity">        <div class="product-quantity-control">
            <form action="/" method="post" class="ajax" id="frm-productWidget-widgetCarousel-1-buy-3647-quantityForm">
                <input type="text" name="quantity" size="3" id="frm-productWidget-widgetCarousel-1-buy-3647-quantityForm-quantity" data-nette-rules='[{"op":":integer","msg":"Množství musí být číslo."}]' value="1" aria-label="počet k přidání">
                <input type="submit" name="_submit" value="Přidat" class="product-quantity-control-submit plus" aria-label="přidat počet do košíku">
            <input type="hidden" name="do" value="productWidget-widgetCarousel-1-buy-3647-quantityForm-submit"><!--[if IE]><input type=IEbug disabled style="display:none"><![endif]-->
</form>

        </div>
</div>
                <p class="product-incart-info accessible">Produkt nemáte v košíku</p>


        </div>

        
    </div>
    <div id="product-append-49068" class="product-item">
        <div class="product-item-flags">
            <div class="flag-sale ">
                <span class="percents">24<small>&#37;</small></span>
            </div>
        </div>
        <div class="product-item-image">
                <a data-href="/?productWidget-widgetCarousel-1-id=49068&amp;do=productWidget-widgetCarousel-1-modal"
                   data-target="productWidget-widgetCarousel-1-productModal"
                   data-product-id="49068"
                   data-product-price="16.9"
                   data-page-title="Wrightś Orbit White Classic 14g"
                   data-page-path="/produkt/49068-wrights-orbit-white-classic-14g"
                   data-user-id=""
                   aria-hidden="true"
                   data-kosikmodal-onclose="onProductModalDestroy"
                   onclick="kosikAjax.click(this, initModalCarousel(this))">
                    <img src="https://cdn.kosik.cz/content/product/jpg/list-retina/placeholder.jpg" data-src="https://cdn.kosik.cz/content/product/jpg/list-retina/66624.jpg" alt="Wrightś Orbit White Classic 14g" class="loading-images loading-image">
                </a>




        </div>
                <div class="product-item-info">
                <h5><a href="javascript:void(0)" aria-label="Wrightś Orbit White Classic 14g" data-href="/?productWidget-widgetCarousel-1-id=49068&amp;do=productWidget-widgetCarousel-1-modal" class="product-name modal-link"
                   data-target="productWidget-widgetCarousel-1-productModal" onclick="kosikAjax.click(this, initModalCarousel(this))">
                    Wrightś Orbit White Classic 14g
                    <br><span class="new-product">Novinka</span>
                </a></h5>
            <p class="product-item-price product-in-discount">
                <span class="price-before-discount">
					<span><strong class="price">16,90 Kč</strong></span>
				</span>
                <strong class="price">12,90 Kč</strong>

            </p>
            <p class="product-item-unit">
                    (<strong class="price">921,40 Kč</strong> / kg)
            </p>
                        <div class="product-list-rating">
            </div>
<div id="snippet-productWidget-widgetCarousel-1-buy-49068-quantity">        <div class="product-quantity-control">
            <form action="/" method="post" class="ajax" id="frm-productWidget-widgetCarousel-1-buy-49068-quantityForm">
                <input type="text" name="quantity" size="3" id="frm-productWidget-widgetCarousel-1-buy-49068-quantityForm-quantity" data-nette-rules='[{"op":":integer","msg":"Množství musí být číslo."}]' value="1" aria-label="počet k přidání">
                <input type="submit" name="_submit" value="Přidat" class="product-quantity-control-submit plus" aria-label="přidat počet do košíku">
            <input type="hidden" name="do" value="productWidget-widgetCarousel-1-buy-49068-quantityForm-submit"><!--[if IE]><input type=IEbug disabled style="display:none"><![endif]-->
</form>

        </div>
</div>
                <p class="product-incart-info accessible">Produkt nemáte v košíku</p>


        </div>

        
    </div>
    <div id="product-append-19456" class="product-item">
        <div class="product-item-flags">
        </div>
        <div class="product-item-image">
                <a data-href="/?productWidget-widgetCarousel-1-id=19456&amp;do=productWidget-widgetCarousel-1-modal"
                   data-target="productWidget-widgetCarousel-1-productModal"
                   data-product-id="19456"
                   data-product-price="229.9"
                   data-page-title="Surf Color Tropical Lily &amp; Ylang Ylang 2,8 kg"
                   data-page-path="/produkt/19456-surf-color-tropical-lily-ylang-ylang-2-8-kg"
                   data-user-id=""
                   aria-hidden="true"
                   data-kosikmodal-onclose="onProductModalDestroy"
                   onclick="kosikAjax.click(this, initModalCarousel(this))">
                    <img src="https://cdn.kosik.cz/content/product/jpg/list-retina/placeholder.jpg" data-src="https://cdn.kosik.cz/content/product/jpg/list-retina/36708.jpg" alt="Surf Color Tropical Lily &amp; Ylang Ylang 2,8 kg" class="loading-images loading-image">
                </a>




        </div>
                <div class="product-item-info">
                <h5><a href="javascript:void(0)" aria-label="Surf Color Tropical Lily &amp; Ylang Ylang 2,8 kg" data-href="/?productWidget-widgetCarousel-1-id=19456&amp;do=productWidget-widgetCarousel-1-modal" class="product-name modal-link"
                   data-target="productWidget-widgetCarousel-1-productModal" onclick="kosikAjax.click(this, initModalCarousel(this))">
                    Surf Color Tropical Lily &amp; Ylang Ylang 2,8 kg
                    
                </a></h5>
            <p class="product-item-price ">
                <span class="price-before-discount">
				</span>
                <strong class="price">229,90 Kč</strong>

            </p>
            <p class="product-item-unit">
                    (<strong class="price">5,70 Kč</strong> / dávka)
            </p>
                        <div class="product-list-rating">
            </div>
<div id="snippet-productWidget-widgetCarousel-1-buy-19456-quantity">        <div class="product-quantity-control">
            <form action="/" method="post" class="ajax" id="frm-productWidget-widgetCarousel-1-buy-19456-quantityForm">
                <input type="text" name="quantity" size="3" id="frm-productWidget-widgetCarousel-1-buy-19456-quantityForm-quantity" data-nette-rules='[{"op":":integer","msg":"Množství musí být číslo."}]' value="1" aria-label="počet k přidání">
                <input type="submit" name="_submit" value="Přidat" class="product-quantity-control-submit plus" aria-label="přidat počet do košíku">
            <input type="hidden" name="do" value="productWidget-widgetCarousel-1-buy-19456-quantityForm-submit"><!--[if IE]><input type=IEbug disabled style="display:none"><![endif]-->
</form>

        </div>
</div>
                <p class="product-incart-info accessible">Produkt nemáte v košíku</p>


        </div>

        
    </div>
    <div id="product-append-10364" class="product-item">
        <div class="product-item-flags">
        </div>
        <div class="product-item-image">
                <a data-href="/?productWidget-widgetCarousel-1-id=10364&amp;do=productWidget-widgetCarousel-1-modal"
                   data-target="productWidget-widgetCarousel-1-productModal"
                   data-product-id="10364"
                   data-product-price="119.9"
                   data-page-title="Coccolino Creations Honeysuckle&amp;Sandalwood aviváž 1,5l"
                   data-page-path="/produkt/10364-coccolino-creations-honeysuckle-sandalwood-avivaz-1-5l"
                   data-user-id=""
                   aria-hidden="true"
                   data-kosikmodal-onclose="onProductModalDestroy"
                   onclick="kosikAjax.click(this, initModalCarousel(this))">
                    <img src="https://cdn.kosik.cz/content/product/jpg/list-retina/placeholder.jpg" data-src="https://cdn.kosik.cz/content/product/jpg/list-retina/28126.jpg" alt="Coccolino Creations Honeysuckle&amp;Sandalwood aviváž 1,5l" class="loading-images loading-image">
                </a>




        </div>
                <div class="product-item-info">
                <h5><a href="javascript:void(0)" aria-label="Coccolino Creations Honeysuckle&amp;Sandalwood aviváž 1,5l" data-href="/?productWidget-widgetCarousel-1-id=10364&amp;do=productWidget-widgetCarousel-1-modal" class="product-name modal-link"
                   data-target="productWidget-widgetCarousel-1-productModal" onclick="kosikAjax.click(this, initModalCarousel(this))">
                    Coccolino Creations Honeysuckle&amp;Sandalwood aviváž 1,5l
                    
                </a></h5>
            <p class="product-item-price ">
                <span class="price-before-discount">
				</span>
                <strong class="price">119,90 Kč</strong>

            </p>
            <p class="product-item-unit">
                    (<strong class="price">79,90 Kč</strong> / l)
            </p>
                        <div class="product-list-rating">
            </div>
<div id="snippet-productWidget-widgetCarousel-1-buy-10364-quantity">        <div class="product-quantity-control">
            <form action="/" method="post" class="ajax" id="frm-productWidget-widgetCarousel-1-buy-10364-quantityForm">
                <input type="text" name="quantity" size="3" id="frm-productWidget-widgetCarousel-1-buy-10364-quantityForm-quantity" data-nette-rules='[{"op":":integer","msg":"Množství musí být číslo."}]' value="1" aria-label="počet k přidání">
                <input type="submit" name="_submit" value="Přidat" class="product-quantity-control-submit plus" aria-label="přidat počet do košíku">
            <input type="hidden" name="do" value="productWidget-widgetCarousel-1-buy-10364-quantityForm-submit"><!--[if IE]><input type=IEbug disabled style="display:none"><![endif]-->
</form>

        </div>
</div>
                <p class="product-incart-info accessible">Produkt nemáte v košíku</p>


        </div>

        
    </div>
    <div id="product-append-43582" class="product-item">
        <div class="product-item-flags">
        </div>
        <div class="product-item-image">
                <a data-href="/?productWidget-widgetCarousel-1-id=43582&amp;do=productWidget-widgetCarousel-1-modal"
                   data-target="productWidget-widgetCarousel-1-productModal"
                   data-product-id="43582"
                   data-product-price="1129.99"
                   data-page-title="Pampers Premium Monthly Box S3 204ks"
                   data-page-path="/produkt/43582-pampers-premium-monthly-box-s3-204ks"
                   data-user-id=""
                   aria-hidden="true"
                   data-kosikmodal-onclose="onProductModalDestroy"
                   onclick="kosikAjax.click(this, initModalCarousel(this))">
                    <img src="https://cdn.kosik.cz/content/product/jpg/list-retina/placeholder.jpg" data-src="https://cdn.kosik.cz/content/product/jpg/list-retina/61299.jpg" alt="Pampers Premium Monthly Box S3 204ks" class="loading-images loading-image">
                </a>




        </div>
                <div class="product-item-info">
                <h5><a href="javascript:void(0)" aria-label="Pampers Premium Monthly Box S3 204ks" data-href="/?productWidget-widgetCarousel-1-id=43582&amp;do=productWidget-widgetCarousel-1-modal" class="product-name modal-link"
                   data-target="productWidget-widgetCarousel-1-productModal" onclick="kosikAjax.click(this, initModalCarousel(this))">
                    Pampers Premium Monthly Box S3 204ks
                    
                </a></h5>
            <p class="product-item-price ">
                <span class="price-before-discount">
				</span>
                <strong class="price">1 130,00 Kč</strong>

            </p>
            <p class="product-item-unit">
                    (<strong class="price">5,50 Kč</strong> / ks)
            </p>
                        <div class="product-list-rating">
            </div>
<div id="snippet-productWidget-widgetCarousel-1-buy-43582-quantity">        <div class="product-quantity-control">
            <form action="/" method="post" class="ajax" id="frm-productWidget-widgetCarousel-1-buy-43582-quantityForm">
                <input type="text" name="quantity" size="3" id="frm-productWidget-widgetCarousel-1-buy-43582-quantityForm-quantity" data-nette-rules='[{"op":":integer","msg":"Množství musí být číslo."}]' value="1" aria-label="počet k přidání">
                <input type="submit" name="_submit" value="Přidat" class="product-quantity-control-submit plus" aria-label="přidat počet do košíku">
            <input type="hidden" name="do" value="productWidget-widgetCarousel-1-buy-43582-quantityForm-submit"><!--[if IE]><input type=IEbug disabled style="display:none"><![endif]-->
</form>

        </div>
</div>
                <p class="product-incart-info accessible">Produkt nemáte v košíku</p>


        </div>

        
    </div>
    <div id="product-append-33119" class="product-item">
        <div class="product-item-flags">
        </div>
        <div class="product-item-image">
                <a data-href="/?productWidget-widgetCarousel-1-id=33119&amp;do=productWidget-widgetCarousel-1-modal"
                   data-target="productWidget-widgetCarousel-1-productModal"
                   data-product-id="33119"
                   data-product-price="79.9"
                   data-page-title="Pomeranče BIO (cca 1000g)"
                   data-page-path="/produkt/33119-pomerance-bio-cca-1000g"
                   data-user-id=""
                   aria-hidden="true"
                   data-kosikmodal-onclose="onProductModalDestroy"
                   onclick="kosikAjax.click(this, initModalCarousel(this))">
                    <img src="https://cdn.kosik.cz/content/product/jpg/list-retina/placeholder.jpg" data-src="https://cdn.kosik.cz/content/product/jpg/list-retina/50599.jpg" alt="Pomeranče BIO (cca 1000g)" class="loading-images loading-image">
                </a>




        </div>
                <div class="product-item-info">
                <h5><a href="javascript:void(0)" aria-label="Pomeranče BIO (cca 1000g)" data-href="/?productWidget-widgetCarousel-1-id=33119&amp;do=productWidget-widgetCarousel-1-modal" class="product-name modal-link"
                   data-target="productWidget-widgetCarousel-1-productModal" onclick="kosikAjax.click(this, initModalCarousel(this))">
                    Pomeranče BIO (cca 1000g)
                    
                </a></h5>
            <p class="product-item-price ">
                <span class="price-before-discount">
				</span>
                <small class="circa-prefix">cca </small>
                <strong class="price">79,90 Kč</strong>

            </p>
            <p class="product-item-unit">
                    (<strong class="price">79,90 Kč</strong> / kg)
            </p>
                        <div class="product-list-rating">
            </div>
<div id="snippet-productWidget-widgetCarousel-1-buy-33119-quantity">        <div class="product-quantity-control">
            <form action="/" method="post" class="ajax" id="frm-productWidget-widgetCarousel-1-buy-33119-quantityForm">
                <input type="text" name="quantity" size="3" id="frm-productWidget-widgetCarousel-1-buy-33119-quantityForm-quantity" data-nette-rules='[{"op":":integer","msg":"Množství musí být číslo."}]' value="1" aria-label="počet k přidání">
                <input type="submit" name="_submit" value="Přidat" class="product-quantity-control-submit plus" aria-label="přidat počet do košíku">
            <input type="hidden" name="do" value="productWidget-widgetCarousel-1-buy-33119-quantityForm-submit"><!--[if IE]><input type=IEbug disabled style="display:none"><![endif]-->
</form>

        </div>
</div>
                <p class="product-incart-info accessible">Produkt nemáte v košíku</p>


        </div>

        
    </div>
    <div id="product-append-37379" class="product-item">
        <div class="product-item-flags">
            <div class="flag-sale ">
                <span class="percents">53<small>&#37;</small></span>
            </div>
        </div>
        <div class="product-item-image">
                <a data-href="/?productWidget-widgetCarousel-1-id=37379&amp;do=productWidget-widgetCarousel-1-modal"
                   data-target="productWidget-widgetCarousel-1-productModal"
                   data-product-id="37379"
                   data-product-price="749"
                   data-page-title="Finish All in 1 Max tablety do myčky nádobí 5 x 24 ks =120ks"
                   data-page-path="/produkt/37379-finish-all-in-1-max-tablety-do-mycky-nadobi-5-x-24-ks-120ks"
                   data-user-id=""
                   aria-hidden="true"
                   data-kosikmodal-onclose="onProductModalDestroy"
                   onclick="kosikAjax.click(this, initModalCarousel(this))">
                    <img src="https://cdn.kosik.cz/content/product/jpg/list-retina/placeholder.jpg" data-src="https://cdn.kosik.cz/content/product/jpg/list-retina/55013.jpg" alt="Finish All in 1 Max tablety do myčky nádobí 5 x 24 ks =120ks" class="loading-images loading-image">
                </a>




        </div>
                <div class="product-item-info">
                <h5><a href="javascript:void(0)" aria-label="Finish All in 1 Max tablety do myčky nádobí 5 x 24 ks =120ks" data-href="/?productWidget-widgetCarousel-1-id=37379&amp;do=productWidget-widgetCarousel-1-modal" class="product-name modal-link"
                   data-target="productWidget-widgetCarousel-1-productModal" onclick="kosikAjax.click(this, initModalCarousel(this))">
                    Finish All in 1 Max tablety do myčky nádobí 5 x 24 ks =120ks
                    
                </a></h5>
            <p class="product-item-price product-in-discount">
                <span class="price-before-discount">
					<span><strong class="price">749,00 Kč</strong></span>
				</span>
                <strong class="price">349,90 Kč</strong>

            </p>
            <p class="product-item-unit">
                    (<strong class="price">2,90 Kč</strong> / ks)
            </p>
                        <div class="product-list-rating">
            </div>
<div id="snippet-productWidget-widgetCarousel-1-buy-37379-quantity">        <div class="product-quantity-control">
            <form action="/" method="post" class="ajax" id="frm-productWidget-widgetCarousel-1-buy-37379-quantityForm">
                <input type="text" name="quantity" size="3" id="frm-productWidget-widgetCarousel-1-buy-37379-quantityForm-quantity" data-nette-rules='[{"op":":integer","msg":"Množství musí být číslo."}]' value="1" aria-label="počet k přidání">
                <input type="submit" name="_submit" value="Přidat" class="product-quantity-control-submit plus" aria-label="přidat počet do košíku">
            <input type="hidden" name="do" value="productWidget-widgetCarousel-1-buy-37379-quantityForm-submit"><!--[if IE]><input type=IEbug disabled style="display:none"><![endif]-->
</form>

        </div>
</div>
                <p class="product-incart-info accessible">Produkt nemáte v košíku</p>


        </div>

        
    </div>
    <div id="product-append-50966" class="product-item">
        <div class="product-item-flags">
            <div class="flag-sale ">
                <span class="percents">26<small>&#37;</small></span>
            </div>
        </div>
        <div class="product-item-image">
                <a data-href="/?productWidget-widgetCarousel-1-id=50966&amp;do=productWidget-widgetCarousel-1-modal"
                   data-target="productWidget-widgetCarousel-1-productModal"
                   data-product-id="50966"
                   data-product-price="37.9"
                   data-page-title="Diplomat Premium Cheese plátkový sýr zelený pepř 100g"
                   data-page-path="/produkt/50966-diplomat-premium-cheese-platkovy-syr-zeleny-pepr-100g"
                   data-user-id=""
                   aria-hidden="true"
                   data-kosikmodal-onclose="onProductModalDestroy"
                   onclick="kosikAjax.click(this, initModalCarousel(this))">
                    <img src="https://cdn.kosik.cz/content/product/jpg/list-retina/placeholder.jpg" data-src="https://cdn.kosik.cz/content/product/jpg/list-retina/68504.jpg" alt="Diplomat Premium Cheese plátkový sýr zelený pepř 100g" class="loading-images loading-image">
                </a>




        </div>
                <div class="product-item-info">
                <h5><a href="javascript:void(0)" aria-label="Diplomat Premium Cheese plátkový sýr zelený pepř 100g" data-href="/?productWidget-widgetCarousel-1-id=50966&amp;do=productWidget-widgetCarousel-1-modal" class="product-name modal-link"
                   data-target="productWidget-widgetCarousel-1-productModal" onclick="kosikAjax.click(this, initModalCarousel(this))">
                    Diplomat Premium Cheese plátkový sýr zelený pepř 100g
                    <br><span class="new-product">Novinka</span>
                </a></h5>
            <p class="product-item-price product-in-discount">
                <span class="price-before-discount">
					<span><strong class="price">37,90 Kč</strong></span>
				</span>
                <strong class="price">27,90 Kč</strong>

            </p>
            <p class="product-item-unit">
                    (<strong class="price">279,00 Kč</strong> / kg)
            </p>
                        <div class="product-list-rating">
            </div>
<div id="snippet-productWidget-widgetCarousel-1-buy-50966-quantity">        <div class="product-quantity-control">
            <form action="/" method="post" class="ajax" id="frm-productWidget-widgetCarousel-1-buy-50966-quantityForm">
                <input type="text" name="quantity" size="3" id="frm-productWidget-widgetCarousel-1-buy-50966-quantityForm-quantity" data-nette-rules='[{"op":":integer","msg":"Množství musí být číslo."}]' value="1" aria-label="počet k přidání">
                <input type="submit" name="_submit" value="Přidat" class="product-quantity-control-submit plus" aria-label="přidat počet do košíku">
            <input type="hidden" name="do" value="productWidget-widgetCarousel-1-buy-50966-quantityForm-submit"><!--[if IE]><input type=IEbug disabled style="display:none"><![endif]-->
</form>

        </div>
</div>
                <p class="product-incart-info accessible">Produkt nemáte v košíku</p>


        </div>

        
    </div>
    <div id="product-append-51396" class="product-item">
        <div class="product-item-flags">
            <div class="flag-sale ">
                <span class="percents">29<small>&#37;</small></span>
            </div>
        </div>
        <div class="product-item-image">
                <a data-href="/?productWidget-widgetCarousel-1-id=51396&amp;do=productWidget-widgetCarousel-1-modal"
                   data-target="productWidget-widgetCarousel-1-productModal"
                   data-product-id="51396"
                   data-product-price="34.9"
                   data-page-title="Olma Olmín s pepřem 125g"
                   data-page-path="/produkt/51396-olma-olmin-s-peprem-125g"
                   data-user-id=""
                   aria-hidden="true"
                   data-kosikmodal-onclose="onProductModalDestroy"
                   onclick="kosikAjax.click(this, initModalCarousel(this))">
                    <img src="https://cdn.kosik.cz/content/product/jpg/list-retina/placeholder.jpg" data-src="https://cdn.kosik.cz/content/product/jpg/list-retina/68955.jpg" alt="Olma Olmín s pepřem 125g" class="loading-images loading-image">
                </a>




        </div>
                <div class="product-item-info">
                <h5><a href="javascript:void(0)" aria-label="Olma Olmín s pepřem 125g" data-href="/?productWidget-widgetCarousel-1-id=51396&amp;do=productWidget-widgetCarousel-1-modal" class="product-name modal-link"
                   data-target="productWidget-widgetCarousel-1-productModal" onclick="kosikAjax.click(this, initModalCarousel(this))">
                    Olma Olmín s pepřem 125g
                    <br><span class="new-product">Novinka</span>
                </a></h5>
            <p class="product-item-price product-in-discount">
                <span class="price-before-discount">
					<span><strong class="price">34,90 Kč</strong></span>
				</span>
                <strong class="price">24,90 Kč</strong>

            </p>
            <p class="product-item-unit">
                    (<strong class="price">199,20 Kč</strong> / kg)
            </p>
                        <div class="product-list-rating">
            </div>
<div id="snippet-productWidget-widgetCarousel-1-buy-51396-quantity">        <div class="product-quantity-control">
            <form action="/" method="post" class="ajax" id="frm-productWidget-widgetCarousel-1-buy-51396-quantityForm">
                <input type="text" name="quantity" size="3" id="frm-productWidget-widgetCarousel-1-buy-51396-quantityForm-quantity" data-nette-rules='[{"op":":integer","msg":"Množství musí být číslo."}]' value="1" aria-label="počet k přidání">
                <input type="submit" name="_submit" value="Přidat" class="product-quantity-control-submit plus" aria-label="přidat počet do košíku">
            <input type="hidden" name="do" value="productWidget-widgetCarousel-1-buy-51396-quantityForm-submit"><!--[if IE]><input type=IEbug disabled style="display:none"><![endif]-->
</form>

        </div>
</div>
                <p class="product-incart-info accessible">Produkt nemáte v košíku</p>


        </div>

        
    </div>
    <div id="product-append-50535" class="product-item">
        <div class="product-item-flags">
            <div class="flag-sale ">
                <span class="percents">30<small>&#37;</small></span>
            </div>
        </div>
        <div class="product-item-image">
                <a data-href="/?productWidget-widgetCarousel-1-id=50535&amp;do=productWidget-widgetCarousel-1-modal"
                   data-target="productWidget-widgetCarousel-1-productModal"
                   data-product-id="50535"
                   data-product-price="239"
                   data-page-title="IQejce Chytrá vejce s jódem M 3+1 zdarma (24 + 8 vajec) 32ks"
                   data-page-path="/produkt/50535-iqejce-chytra-vejce-s-jodem-m-3-1-zdarma-24-8-vajec-32ks"
                   data-user-id=""
                   aria-hidden="true"
                   data-kosikmodal-onclose="onProductModalDestroy"
                   onclick="kosikAjax.click(this, initModalCarousel(this))">
                    <img src="https://cdn.kosik.cz/content/product/jpg/list-retina/placeholder.jpg" data-src="https://cdn.kosik.cz/content/product/jpg/list-retina/68051.jpg" alt="IQejce Chytrá vejce s jódem M 3+1 zdarma (24 + 8 vajec) 32ks" class="loading-images loading-image">
                </a>




        </div>
                <div class="product-item-info">
                <h5><a href="javascript:void(0)" aria-label="IQejce Chytrá vejce s jódem M 3+1 zdarma (24 + 8 vajec) 32ks" data-href="/?productWidget-widgetCarousel-1-id=50535&amp;do=productWidget-widgetCarousel-1-modal" class="product-name modal-link"
                   data-target="productWidget-widgetCarousel-1-productModal" onclick="kosikAjax.click(this, initModalCarousel(this))">
                    IQejce Chytrá vejce s jódem M 3+1 zdarma (24 + 8 vajec) 32ks
                    
                </a></h5>
            <p class="product-item-price product-in-discount">
                <span class="price-before-discount">
					<span><strong class="price">239,00 Kč</strong></span>
				</span>
                <strong class="price">168,00 Kč</strong>

            </p>
            <p class="product-item-unit">
                    (<strong class="price">5,30 Kč</strong> / ks)
            </p>
                        <div class="product-list-rating">
            </div>
<div id="snippet-productWidget-widgetCarousel-1-buy-50535-quantity">        <div class="product-quantity-control">
            <form action="/" method="post" class="ajax" id="frm-productWidget-widgetCarousel-1-buy-50535-quantityForm">
                <input type="text" name="quantity" size="3" id="frm-productWidget-widgetCarousel-1-buy-50535-quantityForm-quantity" data-nette-rules='[{"op":":integer","msg":"Množství musí být číslo."}]' value="1" aria-label="počet k přidání">
                <input type="submit" name="_submit" value="Přidat" class="product-quantity-control-submit plus" aria-label="přidat počet do košíku">
            <input type="hidden" name="do" value="productWidget-widgetCarousel-1-buy-50535-quantityForm-submit"><!--[if IE]><input type=IEbug disabled style="display:none"><![endif]-->
</form>

        </div>
</div>
                <p class="product-incart-info accessible">Produkt nemáte v košíku</p>


        </div>

        
    </div>
    <div id="product-append-52125" class="product-item">
        <div class="product-item-flags">
            <div class="flag-sale ">
                <span class="percents">21<small>&#37;</small></span>
            </div>
        </div>
        <div class="product-item-image">
                <a data-href="/?productWidget-widgetCarousel-1-id=52125&amp;do=productWidget-widgetCarousel-1-modal"
                   data-target="productWidget-widgetCarousel-1-productModal"
                   data-product-id="52125"
                   data-product-price="43.9"
                   data-page-title="Beemster sýr Mild 100g"
                   data-page-path="/produkt/52125-beemster-syr-mild-100g"
                   data-user-id=""
                   aria-hidden="true"
                   data-kosikmodal-onclose="onProductModalDestroy"
                   onclick="kosikAjax.click(this, initModalCarousel(this))">
                    <img src="https://cdn.kosik.cz/content/product/jpg/list-retina/placeholder.jpg" data-src="https://cdn.kosik.cz/content/product/jpg/list-retina/69708.jpg" alt="Beemster sýr Mild 100g" class="loading-images loading-image">
                </a>




        </div>
                <div class="product-item-info">
                <h5><a href="javascript:void(0)" aria-label="Beemster sýr Mild 100g" data-href="/?productWidget-widgetCarousel-1-id=52125&amp;do=productWidget-widgetCarousel-1-modal" class="product-name modal-link"
                   data-target="productWidget-widgetCarousel-1-productModal" onclick="kosikAjax.click(this, initModalCarousel(this))">
                    Beemster sýr Mild 100g
                    
                </a></h5>
            <p class="product-item-price product-in-discount">
                <span class="price-before-discount">
					<span><strong class="price">43,90 Kč</strong></span>
				</span>
                <strong class="price">34,90 Kč</strong>

            </p>
            <p class="product-item-unit">
                    (<strong class="price">349,00 Kč</strong> / kg)
            </p>
                        <div class="product-list-rating">
            </div>
<div id="snippet-productWidget-widgetCarousel-1-buy-52125-quantity">        <div class="product-quantity-control">
            <form action="/" method="post" class="ajax" id="frm-productWidget-widgetCarousel-1-buy-52125-quantityForm">
                <input type="text" name="quantity" size="3" id="frm-productWidget-widgetCarousel-1-buy-52125-quantityForm-quantity" data-nette-rules='[{"op":":integer","msg":"Množství musí být číslo."}]' value="1" aria-label="počet k přidání">
                <input type="submit" name="_submit" value="Přidat" class="product-quantity-control-submit plus" aria-label="přidat počet do košíku">
            <input type="hidden" name="do" value="productWidget-widgetCarousel-1-buy-52125-quantityForm-submit"><!--[if IE]><input type=IEbug disabled style="display:none"><![endif]-->
</form>

        </div>
</div>
                <p class="product-incart-info accessible">Produkt nemáte v košíku</p>


        </div>

        
    </div>
    <div id="product-append-51836" class="product-item">
        <div class="product-item-flags">
            <div class="flag-sale ">
                <span class="percents">13<small>&#37;</small></span>
            </div>
        </div>
        <div class="product-item-image">
                <a data-href="/?productWidget-widgetCarousel-1-id=51836&amp;do=productWidget-widgetCarousel-1-modal"
                   data-target="productWidget-widgetCarousel-1-productModal"
                   data-product-id="51836"
                   data-product-price="74.9"
                   data-page-title="Pejskar Staročeský šunkový salám 500g"
                   data-page-path="/produkt/51836-pejskar-starocesky-sunkovy-salam-500g"
                   data-user-id=""
                   aria-hidden="true"
                   data-kosikmodal-onclose="onProductModalDestroy"
                   onclick="kosikAjax.click(this, initModalCarousel(this))">
                    <img src="https://cdn.kosik.cz/content/product/jpg/list-retina/placeholder.jpg" data-src="https://cdn.kosik.cz/content/product/jpg/list-retina/69411.jpg" alt="Pejskar Staročeský šunkový salám 500g" class="loading-images loading-image">
                </a>




        </div>
                <div class="product-item-info">
                <h5><a href="javascript:void(0)" aria-label="Pejskar Staročeský šunkový salám 500g" data-href="/?productWidget-widgetCarousel-1-id=51836&amp;do=productWidget-widgetCarousel-1-modal" class="product-name modal-link"
                   data-target="productWidget-widgetCarousel-1-productModal" onclick="kosikAjax.click(this, initModalCarousel(this))">
                    Pejskar Staročeský šunkový salám 500g
                    
                </a></h5>
            <p class="product-item-price product-in-discount">
                <span class="price-before-discount">
					<span><strong class="price">74,90 Kč</strong></span>
				</span>
                <strong class="price">64,90 Kč</strong>

            </p>
            <p class="product-item-unit">
                    (<strong class="price">129,80 Kč</strong> / kg)
            </p>
                        <div class="product-list-rating">
            </div>
<div id="snippet-productWidget-widgetCarousel-1-buy-51836-quantity">        <div class="product-quantity-control">
            <form action="/" method="post" class="ajax" id="frm-productWidget-widgetCarousel-1-buy-51836-quantityForm">
                <input type="text" name="quantity" size="3" id="frm-productWidget-widgetCarousel-1-buy-51836-quantityForm-quantity" data-nette-rules='[{"op":":integer","msg":"Množství musí být číslo."}]' value="1" aria-label="počet k přidání">
                <input type="submit" name="_submit" value="Přidat" class="product-quantity-control-submit plus" aria-label="přidat počet do košíku">
            <input type="hidden" name="do" value="productWidget-widgetCarousel-1-buy-51836-quantityForm-submit"><!--[if IE]><input type=IEbug disabled style="display:none"><![endif]-->
</form>

        </div>
</div>
                <p class="product-incart-info accessible">Produkt nemáte v košíku</p>


        </div>

        
    </div>
    <div id="product-append-43594" class="product-item">
        <div class="product-item-flags">
            <div class="flag-sale ">
                <span class="percents">22<small>&#37;</small></span>
            </div>
        </div>
        <div class="product-item-image">
                <a data-href="/?productWidget-widgetCarousel-1-id=43594&amp;do=productWidget-widgetCarousel-1-modal"
                   data-target="productWidget-widgetCarousel-1-productModal"
                   data-product-id="43594"
                   data-product-price="17.9"
                   data-page-title="Ponnath Šunkový salám krájený 100g"
                   data-page-path="/produkt/43594-ponnath-sunkovy-salam-krajeny-100g"
                   data-user-id=""
                   aria-hidden="true"
                   data-kosikmodal-onclose="onProductModalDestroy"
                   onclick="kosikAjax.click(this, initModalCarousel(this))">
                    <img src="https://cdn.kosik.cz/content/product/jpg/list-retina/placeholder.jpg" data-src="https://cdn.kosik.cz/content/product/jpg/list-retina/61311.jpg" alt="Ponnath Šunkový salám krájený 100g" class="loading-images loading-image">
                </a>




        </div>
                <div class="product-item-info">
                <h5><a href="javascript:void(0)" aria-label="Ponnath Šunkový salám krájený 100g" data-href="/?productWidget-widgetCarousel-1-id=43594&amp;do=productWidget-widgetCarousel-1-modal" class="product-name modal-link"
                   data-target="productWidget-widgetCarousel-1-productModal" onclick="kosikAjax.click(this, initModalCarousel(this))">
                    Ponnath Šunkový salám krájený 100g
                    
                </a></h5>
            <p class="product-item-price product-in-discount">
                <span class="price-before-discount">
					<span><strong class="price">17,90 Kč</strong></span>
				</span>
                <strong class="price">13,90 Kč</strong>

            </p>
            <p class="product-item-unit">
                    (<strong class="price">139,00 Kč</strong> / kg)
            </p>
                        <div class="product-list-rating">
            </div>
<div id="snippet-productWidget-widgetCarousel-1-buy-43594-quantity">        <div class="product-quantity-control">
            <form action="/" method="post" class="ajax" id="frm-productWidget-widgetCarousel-1-buy-43594-quantityForm">
                <input type="text" name="quantity" size="3" id="frm-productWidget-widgetCarousel-1-buy-43594-quantityForm-quantity" data-nette-rules='[{"op":":integer","msg":"Množství musí být číslo."}]' value="1" aria-label="počet k přidání">
                <input type="submit" name="_submit" value="Přidat" class="product-quantity-control-submit plus" aria-label="přidat počet do košíku">
            <input type="hidden" name="do" value="productWidget-widgetCarousel-1-buy-43594-quantityForm-submit"><!--[if IE]><input type=IEbug disabled style="display:none"><![endif]-->
</form>

        </div>
</div>
                <p class="product-incart-info accessible">Produkt nemáte v košíku</p>


        </div>

        
    </div>
    <div id="product-append-30926" class="product-item">
        <div class="product-item-flags">
            <div class="flag-sale ">
                <span class="percents">26<small>&#37;</small></span>
            </div>
        </div>
        <div class="product-item-image">
                <a data-href="/?productWidget-widgetCarousel-1-id=30926&amp;do=productWidget-widgetCarousel-1-modal"
                   data-target="productWidget-widgetCarousel-1-productModal"
                   data-product-id="30926"
                   data-product-price="26.9"
                   data-page-title="Chodura Cikánská pečeně 100g"
                   data-page-path="/produkt/30926-chodura-cikanska-pecene-100g"
                   data-user-id=""
                   aria-hidden="true"
                   data-kosikmodal-onclose="onProductModalDestroy"
                   onclick="kosikAjax.click(this, initModalCarousel(this))">
                    <img src="https://cdn.kosik.cz/content/product/jpg/list-retina/placeholder.jpg" data-src="https://cdn.kosik.cz/content/product/jpg/list-retina/48324.jpg" alt="Chodura Cikánská pečeně 100g" class="loading-images loading-image">
                </a>




        </div>
                <div class="product-item-info">
                <h5><a href="javascript:void(0)" aria-label="Chodura Cikánská pečeně 100g" data-href="/?productWidget-widgetCarousel-1-id=30926&amp;do=productWidget-widgetCarousel-1-modal" class="product-name modal-link"
                   data-target="productWidget-widgetCarousel-1-productModal" onclick="kosikAjax.click(this, initModalCarousel(this))">
                    Chodura Cikánská pečeně 100g
                    
                </a></h5>
            <p class="product-item-price product-in-discount">
                <span class="price-before-discount">
					<span><strong class="price">26,90 Kč</strong></span>
				</span>
                <strong class="price">19,90 Kč</strong>

            </p>
            <p class="product-item-unit">
                    (<strong class="price">199,00 Kč</strong> / kg)
            </p>
                        <div class="product-list-rating">
            </div>
<div id="snippet-productWidget-widgetCarousel-1-buy-30926-quantity">        <div class="product-quantity-control">
            <form action="/" method="post" class="ajax" id="frm-productWidget-widgetCarousel-1-buy-30926-quantityForm">
                <input type="text" name="quantity" size="3" id="frm-productWidget-widgetCarousel-1-buy-30926-quantityForm-quantity" data-nette-rules='[{"op":":integer","msg":"Množství musí být číslo."}]' value="1" aria-label="počet k přidání">
                <input type="submit" name="_submit" value="Přidat" class="product-quantity-control-submit plus" aria-label="přidat počet do košíku">
            <input type="hidden" name="do" value="productWidget-widgetCarousel-1-buy-30926-quantityForm-submit"><!--[if IE]><input type=IEbug disabled style="display:none"><![endif]-->
</form>

        </div>
</div>
                <p class="product-incart-info accessible">Produkt nemáte v košíku</p>


        </div>

        
    </div>
    <div id="product-append-50688" class="product-item">
        <div class="product-item-flags">
            <div class="flag-sale ">
                <span class="percents">22<small>&#37;</small></span>
            </div>
        </div>
        <div class="product-item-image">
                <a data-href="/?productWidget-widgetCarousel-1-id=50688&amp;do=productWidget-widgetCarousel-1-modal"
                   data-target="productWidget-widgetCarousel-1-productModal"
                   data-product-id="50688"
                   data-product-price="114.9"
                   data-page-title="Nekton Losos uzený na švédský způsob 100g"
                   data-page-path="/produkt/50688-nekton-losos-uzeny-na-svedsky-zpusob-100g"
                   data-user-id=""
                   aria-hidden="true"
                   data-kosikmodal-onclose="onProductModalDestroy"
                   onclick="kosikAjax.click(this, initModalCarousel(this))">
                    <img src="https://cdn.kosik.cz/content/product/jpg/list-retina/placeholder.jpg" data-src="https://cdn.kosik.cz/content/product/jpg/list-retina/68208.jpg" alt="Nekton Losos uzený na švédský způsob 100g" class="loading-images loading-image">
                </a>




        </div>
                <div class="product-item-info">
                <h5><a href="javascript:void(0)" aria-label="Nekton Losos uzený na švédský způsob 100g" data-href="/?productWidget-widgetCarousel-1-id=50688&amp;do=productWidget-widgetCarousel-1-modal" class="product-name modal-link"
                   data-target="productWidget-widgetCarousel-1-productModal" onclick="kosikAjax.click(this, initModalCarousel(this))">
                    Nekton Losos uzený na švédský způsob 100g
                    <br><span class="new-product">Novinka</span>
                </a></h5>
            <p class="product-item-price product-in-discount">
                <span class="price-before-discount">
					<span><strong class="price">114,90 Kč</strong></span>
				</span>
                <strong class="price">89,90 Kč</strong>

            </p>
            <p class="product-item-unit">
                    (<strong class="price">899,00 Kč</strong> / kg)
            </p>
                        <div class="product-list-rating">
            </div>
<div id="snippet-productWidget-widgetCarousel-1-buy-50688-quantity">        <div class="product-quantity-control">
            <form action="/" method="post" class="ajax" id="frm-productWidget-widgetCarousel-1-buy-50688-quantityForm">
                <input type="text" name="quantity" size="3" id="frm-productWidget-widgetCarousel-1-buy-50688-quantityForm-quantity" data-nette-rules='[{"op":":integer","msg":"Množství musí být číslo."}]' value="1" aria-label="počet k přidání">
                <input type="submit" name="_submit" value="Přidat" class="product-quantity-control-submit plus" aria-label="přidat počet do košíku">
            <input type="hidden" name="do" value="productWidget-widgetCarousel-1-buy-50688-quantityForm-submit"><!--[if IE]><input type=IEbug disabled style="display:none"><![endif]-->
</form>

        </div>
</div>
                <p class="product-incart-info accessible">Produkt nemáte v košíku</p>


        </div>

        
    </div>
    <div id="product-append-14300" class="product-item">
        <div class="product-item-flags">
            <div class="flag-sale ">
                <span class="percents">25<small>&#37;</small></span>
            </div>
        </div>
        <div class="product-item-image">
                <a data-href="/?productWidget-widgetCarousel-1-id=14300&amp;do=productWidget-widgetCarousel-1-modal"
                   data-target="productWidget-widgetCarousel-1-productModal"
                   data-product-id="14300"
                   data-product-price="360.9"
                   data-page-title="Coppenrath&amp;Wiese Sacher dort 1kg"
                   data-page-path="/produkt/14300-coppenrath-wiese-sacher-dort-1kg"
                   data-user-id=""
                   aria-hidden="true"
                   data-kosikmodal-onclose="onProductModalDestroy"
                   onclick="kosikAjax.click(this, initModalCarousel(this))">
                    <img src="https://cdn.kosik.cz/content/product/jpg/list-retina/placeholder.jpg" data-src="https://cdn.kosik.cz/content/product/jpg/list-retina/31553.jpg" alt="Coppenrath&amp;Wiese Sacher dort 1kg" class="loading-images loading-image">
                </a>




        </div>
                <div class="product-item-info">
                <h5><a href="javascript:void(0)" aria-label="Coppenrath&amp;Wiese Sacher dort 1kg" data-href="/?productWidget-widgetCarousel-1-id=14300&amp;do=productWidget-widgetCarousel-1-modal" class="product-name modal-link"
                   data-target="productWidget-widgetCarousel-1-productModal" onclick="kosikAjax.click(this, initModalCarousel(this))">
                    Coppenrath&amp;Wiese Sacher dort 1kg
                    
                </a></h5>
            <p class="product-item-price product-in-discount">
                <span class="price-before-discount">
					<span><strong class="price">360,90 Kč</strong></span>
				</span>
                <strong class="price">269,00 Kč</strong>

            </p>
            <p class="product-item-unit">
                    (<strong class="price">269,00 Kč</strong> / kg)
            </p>
                        <div class="product-list-rating">
            </div>
<div id="snippet-productWidget-widgetCarousel-1-buy-14300-quantity">        <div class="product-quantity-control">
            <form action="/" method="post" class="ajax" id="frm-productWidget-widgetCarousel-1-buy-14300-quantityForm">
                <input type="text" name="quantity" size="3" id="frm-productWidget-widgetCarousel-1-buy-14300-quantityForm-quantity" data-nette-rules='[{"op":":integer","msg":"Množství musí být číslo."}]' value="1" aria-label="počet k přidání">
                <input type="submit" name="_submit" value="Přidat" class="product-quantity-control-submit plus" aria-label="přidat počet do košíku">
            <input type="hidden" name="do" value="productWidget-widgetCarousel-1-buy-14300-quantityForm-submit"><!--[if IE]><input type=IEbug disabled style="display:none"><![endif]-->
</form>

        </div>
</div>
                <p class="product-incart-info accessible">Produkt nemáte v košíku</p>


        </div>

        
    </div>
    <div id="product-append-30977" class="product-item">
        <div class="product-item-flags">
            <div class="flag-sale ">
                <span class="percents">27<small>&#37;</small></span>
            </div>
        </div>
        <div class="product-item-image">
                <a data-href="/?productWidget-widgetCarousel-1-id=30977&amp;do=productWidget-widgetCarousel-1-modal"
                   data-target="productWidget-widgetCarousel-1-productModal"
                   data-product-id="30977"
                   data-product-price="32.9"
                   data-page-title="Chléb slunečnicový krájený balený 500g"
                   data-page-path="/produkt/30977-chleb-slunecnicovy-krajeny-baleny-500g"
                   data-user-id=""
                   aria-hidden="true"
                   data-kosikmodal-onclose="onProductModalDestroy"
                   onclick="kosikAjax.click(this, initModalCarousel(this))">
                    <img src="https://cdn.kosik.cz/content/product/jpg/list-retina/placeholder.jpg" data-src="https://cdn.kosik.cz/content/product/jpg/list-retina/48375.jpg" alt="Chléb slunečnicový krájený balený 500g" class="loading-images loading-image">
                </a>




        </div>
                <div class="product-item-info">
                <h5><a href="javascript:void(0)" aria-label="Chléb slunečnicový krájený balený 500g" data-href="/?productWidget-widgetCarousel-1-id=30977&amp;do=productWidget-widgetCarousel-1-modal" class="product-name modal-link"
                   data-target="productWidget-widgetCarousel-1-productModal" onclick="kosikAjax.click(this, initModalCarousel(this))">
                    Chléb slunečnicový krájený balený 500g
                    
                </a></h5>
            <p class="product-item-price product-in-discount">
                <span class="price-before-discount">
					<span><strong class="price">32,90 Kč</strong></span>
				</span>
                <strong class="price">23,90 Kč</strong>

            </p>
            <p class="product-item-unit">
                    (<strong class="price">47,80 Kč</strong> / kg)
            </p>
                        <div class="product-list-rating">
            </div>
<div id="snippet-productWidget-widgetCarousel-1-buy-30977-quantity">        <div class="product-quantity-control">
            <form action="/" method="post" class="ajax" id="frm-productWidget-widgetCarousel-1-buy-30977-quantityForm">
                <input type="text" name="quantity" size="3" id="frm-productWidget-widgetCarousel-1-buy-30977-quantityForm-quantity" data-nette-rules='[{"op":":integer","msg":"Množství musí být číslo."}]' value="1" aria-label="počet k přidání">
                <input type="submit" name="_submit" value="Přidat" class="product-quantity-control-submit plus" aria-label="přidat počet do košíku">
            <input type="hidden" name="do" value="productWidget-widgetCarousel-1-buy-30977-quantityForm-submit"><!--[if IE]><input type=IEbug disabled style="display:none"><![endif]-->
</form>

        </div>
</div>
                <p class="product-incart-info accessible">Produkt nemáte v košíku</p>


        </div>

        
    </div>
</div>

<div class="kosik-modal-overlay product-modal" id="productWidget-widgetCarousel-1-productModal" role="dialog">
    <div class="kosik-modal-inner large super-scaled" id="snippet-productWidget-widgetCarousel-1-productModalArea">
    </div>
</div>


<div class="kosik-modal-overlay" id="productWidget-widgetCarousel-1-productSetModal" role="dialog">
    <div class="kosik-modal-inner large super-scaled" id="snippet-productWidget-widgetCarousel-1-productSetModalArea">
    </div>
</div>
			</div>
		</div>
		<div class="region region-carousel region-products no-aside product-widget">
			<div class="home-product-widget region-inner region-products-inner slick-carousel" data-open="4" data-close="5">
				<div class="block block-title">
					<h3>Novinky</h3>
							<a class="carousel-show-all" href="/novinky">Zobrazit vše</a>
				</div>
<script async>

    var onProductModalDestroy = function() {

    	var pageData = window.dataLayer[0];

        pageData["event"] = "ga.pageview";
        pageData["pagePath"] = window.location.pathname;
        pageData["pageTitle"] = window.document.title;

	    dataLayer.push(pageData);
    };
</script>
<div class="block block-product-items product-items" data-ajax-append="product-item" id="snippet-productWidget-widgetCarousel-1novinky-productListArea">
    <div id="product-append-50893" class="product-item">
        <div class="product-item-flags">
        </div>
        <div class="product-item-image">
                <a data-href="/?productWidget-widgetCarousel-1novinky-id=50893&amp;do=productWidget-widgetCarousel-1novinky-modal"
                   data-target="productWidget-widgetCarousel-1novinky-productModal"
                   data-product-id="50893"
                   data-product-price="27.9"
                   data-page-title="Diana kumquat - citrus 100g"
                   data-page-path="/produkt/50893-diana-kumquat-citrus-100g"
                   data-user-id=""
                   aria-hidden="true"
                   data-kosikmodal-onclose="onProductModalDestroy"
                   onclick="kosikAjax.click(this, initModalCarousel(this))">
                    <img src="https://cdn.kosik.cz/content/product/jpg/list-retina/placeholder.jpg" data-src="https://cdn.kosik.cz/content/product/jpg/list-retina/68426.jpg" alt="Diana kumquat - citrus 100g" class="loading-images loading-image">
                </a>




        </div>
                <div class="product-item-info">
                <h5><a href="javascript:void(0)" aria-label="Diana kumquat - citrus 100g" data-href="/?productWidget-widgetCarousel-1novinky-id=50893&amp;do=productWidget-widgetCarousel-1novinky-modal" class="product-name modal-link"
                   data-target="productWidget-widgetCarousel-1novinky-productModal" onclick="kosikAjax.click(this, initModalCarousel(this))">
                    Diana kumquat - citrus 100g
                    <br><span class="new-product">Novinka</span>
                </a></h5>
            <p class="product-item-price ">
                <span class="price-before-discount">
				</span>
                <strong class="price">27,90 Kč</strong>

            </p>
            <p class="product-item-unit">
                    (<strong class="price">279,00 Kč</strong> / kg)
            </p>
                        <div class="product-list-rating">
            </div>
<div id="snippet-productWidget-widgetCarousel-1novinky-buy-50893-quantity">        <div class="product-quantity-control">
            <form action="/" method="post" class="ajax" id="frm-productWidget-widgetCarousel-1novinky-buy-50893-quantityForm">
                <input type="text" name="quantity" size="3" id="frm-productWidget-widgetCarousel-1novinky-buy-50893-quantityForm-quantity" data-nette-rules='[{"op":":integer","msg":"Množství musí být číslo."}]' value="1" aria-label="počet k přidání">
                <input type="submit" name="_submit" value="Přidat" class="product-quantity-control-submit plus" aria-label="přidat počet do košíku">
            <input type="hidden" name="do" value="productWidget-widgetCarousel-1novinky-buy-50893-quantityForm-submit"><!--[if IE]><input type=IEbug disabled style="display:none"><![endif]-->
</form>

        </div>
</div>
                <p class="product-incart-info accessible">Produkt nemáte v košíku</p>


        </div>

        
    </div>
    <div id="product-append-52048" class="product-item">
        <div class="product-item-flags">
            <div class="flag-sale ">
                <span class="percents">36<small>&#37;</small></span>
            </div>
        </div>
        <div class="product-item-image">
                <a data-href="/?productWidget-widgetCarousel-1novinky-id=52048&amp;do=productWidget-widgetCarousel-1novinky-modal"
                   data-target="productWidget-widgetCarousel-1novinky-productModal"
                   data-product-id="52048"
                   data-product-price="46.9"
                   data-page-title="Rama S kokosovým a mandlovým olejem 225g"
                   data-page-path="/produkt/52048-rama-s-kokosovym-a-mandlovym-olejem-225g"
                   data-user-id=""
                   aria-hidden="true"
                   data-kosikmodal-onclose="onProductModalDestroy"
                   onclick="kosikAjax.click(this, initModalCarousel(this))">
                    <img src="https://cdn.kosik.cz/content/product/jpg/list-retina/placeholder.jpg" data-src="https://cdn.kosik.cz/content/product/jpg/list-retina/69628.jpg" alt="Rama S kokosovým a mandlovým olejem 225g" class="loading-images loading-image">
                </a>




        </div>
                <div class="product-item-info">
                <h5><a href="javascript:void(0)" aria-label="Rama S kokosovým a mandlovým olejem 225g" data-href="/?productWidget-widgetCarousel-1novinky-id=52048&amp;do=productWidget-widgetCarousel-1novinky-modal" class="product-name modal-link"
                   data-target="productWidget-widgetCarousel-1novinky-productModal" onclick="kosikAjax.click(this, initModalCarousel(this))">
                    Rama S kokosovým a mandlovým olejem 225g
                    
                </a></h5>
            <p class="product-item-price product-in-discount">
                <span class="price-before-discount">
					<span><strong class="price">46,90 Kč</strong></span>
				</span>
                <strong class="price">29,90 Kč</strong>

            </p>
            <p class="product-item-unit">
                    (<strong class="price">132,90 Kč</strong> / kg)
            </p>
                        <div class="product-list-rating">
            </div>
<div id="snippet-productWidget-widgetCarousel-1novinky-buy-52048-quantity">        <div class="product-quantity-control">
            <form action="/" method="post" class="ajax" id="frm-productWidget-widgetCarousel-1novinky-buy-52048-quantityForm">
                <input type="text" name="quantity" size="3" id="frm-productWidget-widgetCarousel-1novinky-buy-52048-quantityForm-quantity" data-nette-rules='[{"op":":integer","msg":"Množství musí být číslo."}]' value="1" aria-label="počet k přidání">
                <input type="submit" name="_submit" value="Přidat" class="product-quantity-control-submit plus" aria-label="přidat počet do košíku">
            <input type="hidden" name="do" value="productWidget-widgetCarousel-1novinky-buy-52048-quantityForm-submit"><!--[if IE]><input type=IEbug disabled style="display:none"><![endif]-->
</form>

        </div>
</div>
                <p class="product-incart-info accessible">Produkt nemáte v košíku</p>


        </div>

        
    </div>
    <div id="product-append-43175" class="product-item">
        <div class="product-item-flags">
            <div class="flag-sale ">
                <span class="percents">20<small>&#37;</small></span>
            </div>
        </div>
        <div class="product-item-image">
                <a data-href="/?productWidget-widgetCarousel-1novinky-id=43175&amp;do=productWidget-widgetCarousel-1novinky-modal"
                   data-target="productWidget-widgetCarousel-1novinky-productModal"
                   data-product-id="43175"
                   data-product-price="199"
                   data-page-title="Snails day Šneci po burgunsku mražené 12ks"
                   data-page-path="/produkt/43175-snails-day-sneci-po-burgunsku-mrazene-12ks"
                   data-user-id=""
                   aria-hidden="true"
                   data-kosikmodal-onclose="onProductModalDestroy"
                   onclick="kosikAjax.click(this, initModalCarousel(this))">
                    <img src="https://cdn.kosik.cz/content/product/jpg/list-retina/placeholder.jpg" data-src="https://cdn.kosik.cz/content/product/jpg/list-retina/60892.jpg" alt="Snails day Šneci po burgunsku mražené 12ks" class="loading-images loading-image">
                </a>




        </div>
                <div class="product-item-info">
                <h5><a href="javascript:void(0)" aria-label="Snails day Šneci po burgunsku mražené 12ks" data-href="/?productWidget-widgetCarousel-1novinky-id=43175&amp;do=productWidget-widgetCarousel-1novinky-modal" class="product-name modal-link"
                   data-target="productWidget-widgetCarousel-1novinky-productModal" onclick="kosikAjax.click(this, initModalCarousel(this))">
                    Snails day Šneci po burgunsku mražené 12ks
                    <br><span class="new-product">Novinka</span>
                </a></h5>
            <p class="product-item-price product-in-discount">
                <span class="price-before-discount">
					<span><strong class="price">199,00 Kč</strong></span>
				</span>
                <strong class="price">159,00 Kč</strong>

            </p>
            <p class="product-item-unit">
                    (<strong class="price">13,30 Kč</strong> / ks)
            </p>
                        <div class="product-list-rating">
            </div>
<div id="snippet-productWidget-widgetCarousel-1novinky-buy-43175-quantity">        <div class="product-quantity-control">
            <form action="/" method="post" class="ajax" id="frm-productWidget-widgetCarousel-1novinky-buy-43175-quantityForm">
                <input type="text" name="quantity" size="3" id="frm-productWidget-widgetCarousel-1novinky-buy-43175-quantityForm-quantity" data-nette-rules='[{"op":":integer","msg":"Množství musí být číslo."}]' value="1" aria-label="počet k přidání">
                <input type="submit" name="_submit" value="Přidat" class="product-quantity-control-submit plus" aria-label="přidat počet do košíku">
            <input type="hidden" name="do" value="productWidget-widgetCarousel-1novinky-buy-43175-quantityForm-submit"><!--[if IE]><input type=IEbug disabled style="display:none"><![endif]-->
</form>

        </div>
</div>
                <p class="product-incart-info accessible">Produkt nemáte v košíku</p>


        </div>

        
    </div>
    <div id="product-append-52049" class="product-item">
        <div class="product-item-flags">
            <div class="flag-sale ">
                <span class="percents">36<small>&#37;</small></span>
            </div>
        </div>
        <div class="product-item-image">
                <a data-href="/?productWidget-widgetCarousel-1novinky-id=52049&amp;do=productWidget-widgetCarousel-1novinky-modal"
                   data-target="productWidget-widgetCarousel-1novinky-productModal"
                   data-product-id="52049"
                   data-product-price="46.9"
                   data-page-title="Rama S olejem z vlašských ořechů 225g"
                   data-page-path="/produkt/52049-rama-s-olejem-z-vlasskych-orechu-225g"
                   data-user-id=""
                   aria-hidden="true"
                   data-kosikmodal-onclose="onProductModalDestroy"
                   onclick="kosikAjax.click(this, initModalCarousel(this))">
                    <img src="https://cdn.kosik.cz/content/product/jpg/list-retina/placeholder.jpg" data-src="https://cdn.kosik.cz/content/product/jpg/list-retina/69629.jpg" alt="Rama S olejem z vlašských ořechů 225g" class="loading-images loading-image">
                </a>




        </div>
                <div class="product-item-info">
                <h5><a href="javascript:void(0)" aria-label="Rama S olejem z vlašských ořechů 225g" data-href="/?productWidget-widgetCarousel-1novinky-id=52049&amp;do=productWidget-widgetCarousel-1novinky-modal" class="product-name modal-link"
                   data-target="productWidget-widgetCarousel-1novinky-productModal" onclick="kosikAjax.click(this, initModalCarousel(this))">
                    Rama S olejem z vlašských ořechů 225g
                    
                </a></h5>
            <p class="product-item-price product-in-discount">
                <span class="price-before-discount">
					<span><strong class="price">46,90 Kč</strong></span>
				</span>
                <strong class="price">29,90 Kč</strong>

            </p>
            <p class="product-item-unit">
                    (<strong class="price">132,90 Kč</strong> / kg)
            </p>
                        <div class="product-list-rating">
            </div>
<div id="snippet-productWidget-widgetCarousel-1novinky-buy-52049-quantity">        <div class="product-quantity-control">
            <form action="/" method="post" class="ajax" id="frm-productWidget-widgetCarousel-1novinky-buy-52049-quantityForm">
                <input type="text" name="quantity" size="3" id="frm-productWidget-widgetCarousel-1novinky-buy-52049-quantityForm-quantity" data-nette-rules='[{"op":":integer","msg":"Množství musí být číslo."}]' value="1" aria-label="počet k přidání">
                <input type="submit" name="_submit" value="Přidat" class="product-quantity-control-submit plus" aria-label="přidat počet do košíku">
            <input type="hidden" name="do" value="productWidget-widgetCarousel-1novinky-buy-52049-quantityForm-submit"><!--[if IE]><input type=IEbug disabled style="display:none"><![endif]-->
</form>

        </div>
</div>
                <p class="product-incart-info accessible">Produkt nemáte v košíku</p>


        </div>

        
    </div>
    <div id="product-append-50890" class="product-item">
        <div class="product-item-flags">
        </div>
        <div class="product-item-image">
                <a data-href="/?productWidget-widgetCarousel-1novinky-id=50890&amp;do=productWidget-widgetCarousel-1novinky-modal"
                   data-target="productWidget-widgetCarousel-1novinky-productModal"
                   data-product-id="50890"
                   data-product-price="43.9"
                   data-page-title="Diana jablka kousky se skořicí 100g"
                   data-page-path="/produkt/50890-diana-jablka-kousky-se-skorici-100g"
                   data-user-id=""
                   aria-hidden="true"
                   data-kosikmodal-onclose="onProductModalDestroy"
                   onclick="kosikAjax.click(this, initModalCarousel(this))">
                    <img src="https://cdn.kosik.cz/content/product/jpg/list-retina/placeholder.jpg" data-src="https://cdn.kosik.cz/content/product/jpg/list-retina/68423.jpg" alt="Diana jablka kousky se skořicí 100g" class="loading-images loading-image">
                </a>




        </div>
                <div class="product-item-info">
                <h5><a href="javascript:void(0)" aria-label="Diana jablka kousky se skořicí 100g" data-href="/?productWidget-widgetCarousel-1novinky-id=50890&amp;do=productWidget-widgetCarousel-1novinky-modal" class="product-name modal-link"
                   data-target="productWidget-widgetCarousel-1novinky-productModal" onclick="kosikAjax.click(this, initModalCarousel(this))">
                    Diana jablka kousky se skořicí 100g
                    <br><span class="new-product">Novinka</span>
                </a></h5>
            <p class="product-item-price ">
                <span class="price-before-discount">
				</span>
                <strong class="price">43,90 Kč</strong>

            </p>
            <p class="product-item-unit">
                    (<strong class="price">439,00 Kč</strong> / kg)
            </p>
                        <div class="product-list-rating">
            </div>
<div id="snippet-productWidget-widgetCarousel-1novinky-buy-50890-quantity">        <div class="product-quantity-control">
            <form action="/" method="post" class="ajax" id="frm-productWidget-widgetCarousel-1novinky-buy-50890-quantityForm">
                <input type="text" name="quantity" size="3" id="frm-productWidget-widgetCarousel-1novinky-buy-50890-quantityForm-quantity" data-nette-rules='[{"op":":integer","msg":"Množství musí být číslo."}]' value="1" aria-label="počet k přidání">
                <input type="submit" name="_submit" value="Přidat" class="product-quantity-control-submit plus" aria-label="přidat počet do košíku">
            <input type="hidden" name="do" value="productWidget-widgetCarousel-1novinky-buy-50890-quantityForm-submit"><!--[if IE]><input type=IEbug disabled style="display:none"><![endif]-->
</form>

        </div>
</div>
                <p class="product-incart-info accessible">Produkt nemáte v košíku</p>


        </div>

        
    </div>
    <div id="product-append-52052" class="product-item">
        <div class="product-item-flags">
            <div class="flag-sale ">
                <span class="percents">27<small>&#37;</small></span>
            </div>
        </div>
        <div class="product-item-image">
                <a data-href="/?productWidget-widgetCarousel-1novinky-id=52052&amp;do=productWidget-widgetCarousel-1novinky-modal"
                   data-target="productWidget-widgetCarousel-1novinky-productModal"
                   data-product-id="52052"
                   data-product-price="36.9"
                   data-page-title="Agro farma Gazdovské guľky uzené 100g"
                   data-page-path="/produkt/52052-agro-farma-gazdovske-gulky-uzene-100g"
                   data-user-id=""
                   aria-hidden="true"
                   data-kosikmodal-onclose="onProductModalDestroy"
                   onclick="kosikAjax.click(this, initModalCarousel(this))">
                    <img src="https://cdn.kosik.cz/content/product/jpg/list-retina/placeholder.jpg" data-src="https://cdn.kosik.cz/content/product/jpg/list-retina/69632.jpg" alt="Agro farma Gazdovské guľky uzené 100g" class="loading-images loading-image">
                </a>




        </div>
                <div class="product-item-info">
                <h5><a href="javascript:void(0)" aria-label="Agro farma Gazdovské guľky uzené 100g" data-href="/?productWidget-widgetCarousel-1novinky-id=52052&amp;do=productWidget-widgetCarousel-1novinky-modal" class="product-name modal-link"
                   data-target="productWidget-widgetCarousel-1novinky-productModal" onclick="kosikAjax.click(this, initModalCarousel(this))">
                    Agro farma Gazdovské guľky uzené 100g
                    
                </a></h5>
            <p class="product-item-price product-in-discount">
                <span class="price-before-discount">
					<span><strong class="price">36,90 Kč</strong></span>
				</span>
                <strong class="price">26,90 Kč</strong>

            </p>
            <p class="product-item-unit">
                    (<strong class="price">269,00 Kč</strong> / kg)
            </p>
                        <div class="product-list-rating">
            </div>
<div id="snippet-productWidget-widgetCarousel-1novinky-buy-52052-quantity">        <div class="product-quantity-control">
            <form action="/" method="post" class="ajax" id="frm-productWidget-widgetCarousel-1novinky-buy-52052-quantityForm">
                <input type="text" name="quantity" size="3" id="frm-productWidget-widgetCarousel-1novinky-buy-52052-quantityForm-quantity" data-nette-rules='[{"op":":integer","msg":"Množství musí být číslo."}]' value="1" aria-label="počet k přidání">
                <input type="submit" name="_submit" value="Přidat" class="product-quantity-control-submit plus" aria-label="přidat počet do košíku">
            <input type="hidden" name="do" value="productWidget-widgetCarousel-1novinky-buy-52052-quantityForm-submit"><!--[if IE]><input type=IEbug disabled style="display:none"><![endif]-->
</form>

        </div>
</div>
                <p class="product-incart-info accessible">Produkt nemáte v košíku</p>


        </div>

        
    </div>
    <div id="product-append-52172" class="product-item">
        <div class="product-item-flags">
            <div class="flag-sale ">
                <span class="percents">18<small>&#37;</small></span>
            </div>
        </div>
        <div class="product-item-image">
                <a data-href="/?productWidget-widgetCarousel-1novinky-id=52172&amp;do=productWidget-widgetCarousel-1novinky-modal"
                   data-target="productWidget-widgetCarousel-1novinky-productModal"
                   data-product-id="52172"
                   data-product-price="76.9"
                   data-page-title="Váhala Vánoční aspikový kapřík 450g"
                   data-page-path="/produkt/52172-vahala-vanocni-aspikovy-kaprik-450g"
                   data-user-id=""
                   aria-hidden="true"
                   data-kosikmodal-onclose="onProductModalDestroy"
                   onclick="kosikAjax.click(this, initModalCarousel(this))">
                    <img src="https://cdn.kosik.cz/content/product/jpg/list-retina/placeholder.jpg" data-src="https://cdn.kosik.cz/content/product/jpg/list-retina/69763.jpg" alt="Váhala Vánoční aspikový kapřík 450g" class="loading-images loading-image">
                </a>




        </div>
                <div class="product-item-info">
                <h5><a href="javascript:void(0)" aria-label="Váhala Vánoční aspikový kapřík 450g" data-href="/?productWidget-widgetCarousel-1novinky-id=52172&amp;do=productWidget-widgetCarousel-1novinky-modal" class="product-name modal-link"
                   data-target="productWidget-widgetCarousel-1novinky-productModal" onclick="kosikAjax.click(this, initModalCarousel(this))">
                    Váhala Vánoční aspikový kapřík 450g
                    <br><span class="new-product">Novinka</span>
                </a></h5>
            <p class="product-item-price product-in-discount">
                <span class="price-before-discount">
					<span><strong class="price">76,90 Kč</strong></span>
				</span>
                <strong class="price">62,90 Kč</strong>

            </p>
            <p class="product-item-unit">
                    (<strong class="price">139,80 Kč</strong> / kg)
            </p>
                        <div class="product-list-rating">
            </div>
<div id="snippet-productWidget-widgetCarousel-1novinky-buy-52172-quantity">        <div class="product-quantity-control">
            <form action="/" method="post" class="ajax" id="frm-productWidget-widgetCarousel-1novinky-buy-52172-quantityForm">
                <input type="text" name="quantity" size="3" id="frm-productWidget-widgetCarousel-1novinky-buy-52172-quantityForm-quantity" data-nette-rules='[{"op":":integer","msg":"Množství musí být číslo."}]' value="1" aria-label="počet k přidání">
                <input type="submit" name="_submit" value="Přidat" class="product-quantity-control-submit plus" aria-label="přidat počet do košíku">
            <input type="hidden" name="do" value="productWidget-widgetCarousel-1novinky-buy-52172-quantityForm-submit"><!--[if IE]><input type=IEbug disabled style="display:none"><![endif]-->
</form>

        </div>
</div>
                <p class="product-incart-info accessible">Produkt nemáte v košíku</p>


        </div>

        
    </div>
    <div id="product-append-10142" class="product-item">
        <div class="product-item-flags">
            <div class="flag-sale ">
                <span class="percents">17<small>&#37;</small></span>
            </div>
        </div>
        <div class="product-item-image">
                <a data-href="/?productWidget-widgetCarousel-1novinky-id=10142&amp;do=productWidget-widgetCarousel-1novinky-modal"
                   data-target="productWidget-widgetCarousel-1novinky-productModal"
                   data-product-id="10142"
                   data-product-price="34.9"
                   data-page-title="Nekton Kaviár z kapelínů černý 50g"
                   data-page-path="/produkt/10142-nekton-kaviar-z-kapelinu-cerny-50g"
                   data-user-id=""
                   aria-hidden="true"
                   data-kosikmodal-onclose="onProductModalDestroy"
                   onclick="kosikAjax.click(this, initModalCarousel(this))">
                    <img src="https://cdn.kosik.cz/content/product/jpg/list-retina/placeholder.jpg" data-src="https://cdn.kosik.cz/content/product/jpg/list-retina/27929.jpg" alt="Nekton Kaviár z kapelínů černý 50g" class="loading-images loading-image">
                </a>




        </div>
                <div class="product-item-info">
                <h5><a href="javascript:void(0)" aria-label="Nekton Kaviár z kapelínů černý 50g" data-href="/?productWidget-widgetCarousel-1novinky-id=10142&amp;do=productWidget-widgetCarousel-1novinky-modal" class="product-name modal-link"
                   data-target="productWidget-widgetCarousel-1novinky-productModal" onclick="kosikAjax.click(this, initModalCarousel(this))">
                    Nekton Kaviár z kapelínů černý 50g
                    
                </a></h5>
            <p class="product-item-price product-in-discount">
                <span class="price-before-discount">
					<span><strong class="price">34,90 Kč</strong></span>
				</span>
                <strong class="price">28,90 Kč</strong>

            </p>
            <p class="product-item-unit">
                    (<strong class="price">578,00 Kč</strong> / kg)
            </p>
                        <div class="product-list-rating">
            </div>
<div id="snippet-productWidget-widgetCarousel-1novinky-buy-10142-quantity">        <div class="product-quantity-control">
            <form action="/" method="post" class="ajax" id="frm-productWidget-widgetCarousel-1novinky-buy-10142-quantityForm">
                <input type="text" name="quantity" size="3" id="frm-productWidget-widgetCarousel-1novinky-buy-10142-quantityForm-quantity" data-nette-rules='[{"op":":integer","msg":"Množství musí být číslo."}]' value="1" aria-label="počet k přidání">
                <input type="submit" name="_submit" value="Přidat" class="product-quantity-control-submit plus" aria-label="přidat počet do košíku">
            <input type="hidden" name="do" value="productWidget-widgetCarousel-1novinky-buy-10142-quantityForm-submit"><!--[if IE]><input type=IEbug disabled style="display:none"><![endif]-->
</form>

        </div>
</div>
                <p class="product-incart-info accessible">Produkt nemáte v košíku</p>


        </div>

        
    </div>
    <div id="product-append-50891" class="product-item">
        <div class="product-item-flags">
        </div>
        <div class="product-item-image">
                <a data-href="/?productWidget-widgetCarousel-1novinky-id=50891&amp;do=productWidget-widgetCarousel-1novinky-modal"
                   data-target="productWidget-widgetCarousel-1novinky-productModal"
                   data-product-id="50891"
                   data-product-price="47.9"
                   data-page-title="Diana kešu pražené solené ve slupce 100g"
                   data-page-path="/produkt/50891-diana-kesu-prazene-solene-ve-slupce-100g"
                   data-user-id=""
                   aria-hidden="true"
                   data-kosikmodal-onclose="onProductModalDestroy"
                   onclick="kosikAjax.click(this, initModalCarousel(this))">
                    <img src="https://cdn.kosik.cz/content/product/jpg/list-retina/placeholder.jpg" data-src="https://cdn.kosik.cz/content/product/jpg/list-retina/68424.jpg" alt="Diana kešu pražené solené ve slupce 100g" class="loading-images loading-image">
                </a>




        </div>
                <div class="product-item-info">
                <h5><a href="javascript:void(0)" aria-label="Diana kešu pražené solené ve slupce 100g" data-href="/?productWidget-widgetCarousel-1novinky-id=50891&amp;do=productWidget-widgetCarousel-1novinky-modal" class="product-name modal-link"
                   data-target="productWidget-widgetCarousel-1novinky-productModal" onclick="kosikAjax.click(this, initModalCarousel(this))">
                    Diana kešu pražené solené ve slupce 100g
                    <br><span class="new-product">Novinka</span>
                </a></h5>
            <p class="product-item-price ">
                <span class="price-before-discount">
				</span>
                <strong class="price">47,90 Kč</strong>

            </p>
            <p class="product-item-unit">
                    (<strong class="price">479,00 Kč</strong> / kg)
            </p>
                        <div class="product-list-rating">
            </div>
<div id="snippet-productWidget-widgetCarousel-1novinky-buy-50891-quantity">        <div class="product-quantity-control">
            <form action="/" method="post" class="ajax" id="frm-productWidget-widgetCarousel-1novinky-buy-50891-quantityForm">
                <input type="text" name="quantity" size="3" id="frm-productWidget-widgetCarousel-1novinky-buy-50891-quantityForm-quantity" data-nette-rules='[{"op":":integer","msg":"Množství musí být číslo."}]' value="1" aria-label="počet k přidání">
                <input type="submit" name="_submit" value="Přidat" class="product-quantity-control-submit plus" aria-label="přidat počet do košíku">
            <input type="hidden" name="do" value="productWidget-widgetCarousel-1novinky-buy-50891-quantityForm-submit"><!--[if IE]><input type=IEbug disabled style="display:none"><![endif]-->
</form>

        </div>
</div>
                <p class="product-incart-info accessible">Produkt nemáte v košíku</p>


        </div>

        
    </div>
    <div id="product-append-52050" class="product-item">
        <div class="product-item-flags">
            <div class="flag-sale ">
                <span class="percents">36<small>&#37;</small></span>
            </div>
        </div>
        <div class="product-item-image">
                <a data-href="/?productWidget-widgetCarousel-1novinky-id=52050&amp;do=productWidget-widgetCarousel-1novinky-modal"
                   data-target="productWidget-widgetCarousel-1novinky-productModal"
                   data-product-id="52050"
                   data-product-price="46.9"
                   data-page-title="Rama S avokádovým a limetkovým olejem 225g"
                   data-page-path="/produkt/52050-rama-s-avokadovym-a-limetkovym-olejem-225g"
                   data-user-id=""
                   aria-hidden="true"
                   data-kosikmodal-onclose="onProductModalDestroy"
                   onclick="kosikAjax.click(this, initModalCarousel(this))">
                    <img src="https://cdn.kosik.cz/content/product/jpg/list-retina/placeholder.jpg" data-src="https://cdn.kosik.cz/content/product/jpg/list-retina/69630.jpg" alt="Rama S avokádovým a limetkovým olejem 225g" class="loading-images loading-image">
                </a>




        </div>
                <div class="product-item-info">
                <h5><a href="javascript:void(0)" aria-label="Rama S avokádovým a limetkovým olejem 225g" data-href="/?productWidget-widgetCarousel-1novinky-id=52050&amp;do=productWidget-widgetCarousel-1novinky-modal" class="product-name modal-link"
                   data-target="productWidget-widgetCarousel-1novinky-productModal" onclick="kosikAjax.click(this, initModalCarousel(this))">
                    Rama S avokádovým a limetkovým olejem 225g
                    
                </a></h5>
            <p class="product-item-price product-in-discount">
                <span class="price-before-discount">
					<span><strong class="price">46,90 Kč</strong></span>
				</span>
                <strong class="price">29,90 Kč</strong>

            </p>
            <p class="product-item-unit">
                    (<strong class="price">132,90 Kč</strong> / kg)
            </p>
                        <div class="product-list-rating">
            </div>
<div id="snippet-productWidget-widgetCarousel-1novinky-buy-52050-quantity">        <div class="product-quantity-control">
            <form action="/" method="post" class="ajax" id="frm-productWidget-widgetCarousel-1novinky-buy-52050-quantityForm">
                <input type="text" name="quantity" size="3" id="frm-productWidget-widgetCarousel-1novinky-buy-52050-quantityForm-quantity" data-nette-rules='[{"op":":integer","msg":"Množství musí být číslo."}]' value="1" aria-label="počet k přidání">
                <input type="submit" name="_submit" value="Přidat" class="product-quantity-control-submit plus" aria-label="přidat počet do košíku">
            <input type="hidden" name="do" value="productWidget-widgetCarousel-1novinky-buy-52050-quantityForm-submit"><!--[if IE]><input type=IEbug disabled style="display:none"><![endif]-->
</form>

        </div>
</div>
                <p class="product-incart-info accessible">Produkt nemáte v košíku</p>


        </div>

        
    </div>
    <div id="product-append-50685" class="product-item">
        <div class="product-item-flags">
            <div class="flag-sale ">
                <span class="percents">16<small>&#37;</small></span>
            </div>
        </div>
        <div class="product-item-image">
                <a data-href="/?productWidget-widgetCarousel-1novinky-id=50685&amp;do=productWidget-widgetCarousel-1novinky-modal"
                   data-target="productWidget-widgetCarousel-1novinky-productModal"
                   data-product-id="50685"
                   data-product-price="209"
                   data-page-title="Nekton Skandinávská mísa 200g"
                   data-page-path="/produkt/50685-nekton-skandinavska-misa-200g"
                   data-user-id=""
                   aria-hidden="true"
                   data-kosikmodal-onclose="onProductModalDestroy"
                   onclick="kosikAjax.click(this, initModalCarousel(this))">
                    <img src="https://cdn.kosik.cz/content/product/jpg/list-retina/placeholder.jpg" data-src="https://cdn.kosik.cz/content/product/jpg/list-retina/68205.jpg" alt="Nekton Skandinávská mísa 200g" class="loading-images loading-image">
                </a>




        </div>
                <div class="product-item-info">
                <h5><a href="javascript:void(0)" aria-label="Nekton Skandinávská mísa 200g" data-href="/?productWidget-widgetCarousel-1novinky-id=50685&amp;do=productWidget-widgetCarousel-1novinky-modal" class="product-name modal-link"
                   data-target="productWidget-widgetCarousel-1novinky-productModal" onclick="kosikAjax.click(this, initModalCarousel(this))">
                    Nekton Skandinávská mísa 200g
                    <br><span class="new-product">Novinka</span>
                </a></h5>
            <p class="product-item-price product-in-discount">
                <span class="price-before-discount">
					<span><strong class="price">209,00 Kč</strong></span>
				</span>
                <strong class="price">175,90 Kč</strong>

            </p>
            <p class="product-item-unit">
                    (<strong class="price">879,50 Kč</strong> / kg)
            </p>
                        <div class="product-list-rating">
            </div>
<div id="snippet-productWidget-widgetCarousel-1novinky-buy-50685-quantity">        <div class="product-quantity-control">
            <form action="/" method="post" class="ajax" id="frm-productWidget-widgetCarousel-1novinky-buy-50685-quantityForm">
                <input type="text" name="quantity" size="3" id="frm-productWidget-widgetCarousel-1novinky-buy-50685-quantityForm-quantity" data-nette-rules='[{"op":":integer","msg":"Množství musí být číslo."}]' value="1" aria-label="počet k přidání">
                <input type="submit" name="_submit" value="Přidat" class="product-quantity-control-submit plus" aria-label="přidat počet do košíku">
            <input type="hidden" name="do" value="productWidget-widgetCarousel-1novinky-buy-50685-quantityForm-submit"><!--[if IE]><input type=IEbug disabled style="display:none"><![endif]-->
</form>

        </div>
</div>
                <p class="product-incart-info accessible">Produkt nemáte v košíku</p>


        </div>

        
    </div>
    <div id="product-append-50535" class="product-item">
        <div class="product-item-flags">
            <div class="flag-sale ">
                <span class="percents">30<small>&#37;</small></span>
            </div>
        </div>
        <div class="product-item-image">
                <a data-href="/?productWidget-widgetCarousel-1novinky-id=50535&amp;do=productWidget-widgetCarousel-1novinky-modal"
                   data-target="productWidget-widgetCarousel-1novinky-productModal"
                   data-product-id="50535"
                   data-product-price="239"
                   data-page-title="IQejce Chytrá vejce s jódem M 3+1 zdarma (24 + 8 vajec) 32ks"
                   data-page-path="/produkt/50535-iqejce-chytra-vejce-s-jodem-m-3-1-zdarma-24-8-vajec-32ks"
                   data-user-id=""
                   aria-hidden="true"
                   data-kosikmodal-onclose="onProductModalDestroy"
                   onclick="kosikAjax.click(this, initModalCarousel(this))">
                    <img src="https://cdn.kosik.cz/content/product/jpg/list-retina/placeholder.jpg" data-src="https://cdn.kosik.cz/content/product/jpg/list-retina/68051.jpg" alt="IQejce Chytrá vejce s jódem M 3+1 zdarma (24 + 8 vajec) 32ks" class="loading-images loading-image">
                </a>




        </div>
                <div class="product-item-info">
                <h5><a href="javascript:void(0)" aria-label="IQejce Chytrá vejce s jódem M 3+1 zdarma (24 + 8 vajec) 32ks" data-href="/?productWidget-widgetCarousel-1novinky-id=50535&amp;do=productWidget-widgetCarousel-1novinky-modal" class="product-name modal-link"
                   data-target="productWidget-widgetCarousel-1novinky-productModal" onclick="kosikAjax.click(this, initModalCarousel(this))">
                    IQejce Chytrá vejce s jódem M 3+1 zdarma (24 + 8 vajec) 32ks
                    
                </a></h5>
            <p class="product-item-price product-in-discount">
                <span class="price-before-discount">
					<span><strong class="price">239,00 Kč</strong></span>
				</span>
                <strong class="price">168,00 Kč</strong>

            </p>
            <p class="product-item-unit">
                    (<strong class="price">5,30 Kč</strong> / ks)
            </p>
                        <div class="product-list-rating">
            </div>
<div id="snippet-productWidget-widgetCarousel-1novinky-buy-50535-quantity">        <div class="product-quantity-control">
            <form action="/" method="post" class="ajax" id="frm-productWidget-widgetCarousel-1novinky-buy-50535-quantityForm">
                <input type="text" name="quantity" size="3" id="frm-productWidget-widgetCarousel-1novinky-buy-50535-quantityForm-quantity" data-nette-rules='[{"op":":integer","msg":"Množství musí být číslo."}]' value="1" aria-label="počet k přidání">
                <input type="submit" name="_submit" value="Přidat" class="product-quantity-control-submit plus" aria-label="přidat počet do košíku">
            <input type="hidden" name="do" value="productWidget-widgetCarousel-1novinky-buy-50535-quantityForm-submit"><!--[if IE]><input type=IEbug disabled style="display:none"><![endif]-->
</form>

        </div>
</div>
                <p class="product-incart-info accessible">Produkt nemáte v košíku</p>


        </div>

        
    </div>
    <div id="product-append-50635" class="product-item">
        <div class="product-item-flags">
            <div class="flag-sale ">
                <span class="percents">0<small>&#37;</small></span>
            </div>
        </div>
        <div class="product-item-image">
                <a data-href="/?productWidget-widgetCarousel-1novinky-id=50635&amp;do=productWidget-widgetCarousel-1novinky-modal"
                   data-target="productWidget-widgetCarousel-1novinky-productModal"
                   data-product-id="50635"
                   data-product-price="99.9"
                   data-page-title="LePetit Savoyard Savojský salámek s vlašskými ořechy 200g"
                   data-page-path="/produkt/50635-lepetit-savoyard-savojsky-salamek-s-vlasskymi-orechy-200g"
                   data-user-id=""
                   aria-hidden="true"
                   data-kosikmodal-onclose="onProductModalDestroy"
                   onclick="kosikAjax.click(this, initModalCarousel(this))">
                    <img src="https://cdn.kosik.cz/content/product/jpg/list-retina/placeholder.jpg" data-src="https://cdn.kosik.cz/content/product/jpg/list-retina/68156.jpg" alt="LePetit Savoyard Savojský salámek s vlašskými ořechy 200g" class="loading-images loading-image">
                </a>




        </div>
                <div class="product-item-info">
                <h5><a href="javascript:void(0)" aria-label="LePetit Savoyard Savojský salámek s vlašskými ořechy 200g" data-href="/?productWidget-widgetCarousel-1novinky-id=50635&amp;do=productWidget-widgetCarousel-1novinky-modal" class="product-name modal-link"
                   data-target="productWidget-widgetCarousel-1novinky-productModal" onclick="kosikAjax.click(this, initModalCarousel(this))">
                    LePetit Savoyard Savojský salámek s vlašskými ořechy 200g
                    
                </a></h5>
            <p class="product-item-price product-in-discount">
                <span class="price-before-discount">
					<span><strong class="price">99,90 Kč</strong></span>
				</span>
                <strong class="price">99,90 Kč</strong>

            </p>
            <p class="product-item-unit">
                    (<strong class="price">499,50 Kč</strong> / kg)
            </p>
                        <div class="product-list-rating">
            </div>
<div id="snippet-productWidget-widgetCarousel-1novinky-buy-50635-quantity">        <div class="product-quantity-control">
            <form action="/" method="post" class="ajax" id="frm-productWidget-widgetCarousel-1novinky-buy-50635-quantityForm">
                <input type="text" name="quantity" size="3" id="frm-productWidget-widgetCarousel-1novinky-buy-50635-quantityForm-quantity" data-nette-rules='[{"op":":integer","msg":"Množství musí být číslo."}]' value="1" aria-label="počet k přidání">
                <input type="submit" name="_submit" value="Přidat" class="product-quantity-control-submit plus" aria-label="přidat počet do košíku">
            <input type="hidden" name="do" value="productWidget-widgetCarousel-1novinky-buy-50635-quantityForm-submit"><!--[if IE]><input type=IEbug disabled style="display:none"><![endif]-->
</form>

        </div>
</div>
                <p class="product-incart-info accessible">Produkt nemáte v košíku</p>


        </div>

        
    </div>
    <div id="product-append-49769" class="product-item">
        <div class="product-item-flags">
            <div class="flag-sale ">
                <span class="percents">22<small>&#37;</small></span>
            </div>
        </div>
        <div class="product-item-image">
                <a data-href="/?productWidget-widgetCarousel-1novinky-id=49769&amp;do=productWidget-widgetCarousel-1novinky-modal"
                   data-target="productWidget-widgetCarousel-1novinky-productModal"
                   data-product-id="49769"
                   data-product-price="63.9"
                   data-page-title="Váhala Česneková pomazánka 300g"
                   data-page-path="/produkt/49769-vahala-cesnekova-pomazanka-300g"
                   data-user-id=""
                   aria-hidden="true"
                   data-kosikmodal-onclose="onProductModalDestroy"
                   onclick="kosikAjax.click(this, initModalCarousel(this))">
                    <img src="https://cdn.kosik.cz/content/product/jpg/list-retina/placeholder.jpg" data-src="https://cdn.kosik.cz/content/product/jpg/list-retina/67341.jpg" alt="Váhala Česneková pomazánka 300g" class="loading-images loading-image">
                </a>




        </div>
                <div class="product-item-info">
                <h5><a href="javascript:void(0)" aria-label="Váhala Česneková pomazánka 300g" data-href="/?productWidget-widgetCarousel-1novinky-id=49769&amp;do=productWidget-widgetCarousel-1novinky-modal" class="product-name modal-link"
                   data-target="productWidget-widgetCarousel-1novinky-productModal" onclick="kosikAjax.click(this, initModalCarousel(this))">
                    Váhala Česneková pomazánka 300g
                    <br><span class="new-product">Novinka</span>
                </a></h5>
            <p class="product-item-price product-in-discount">
                <span class="price-before-discount">
					<span><strong class="price">63,90 Kč</strong></span>
				</span>
                <strong class="price">49,90 Kč</strong>

            </p>
            <p class="product-item-unit">
                    (<strong class="price">166,30 Kč</strong> / kg)
            </p>
                        <div class="product-list-rating">
            </div>
<div id="snippet-productWidget-widgetCarousel-1novinky-buy-49769-quantity">        <div class="product-quantity-control">
            <form action="/" method="post" class="ajax" id="frm-productWidget-widgetCarousel-1novinky-buy-49769-quantityForm">
                <input type="text" name="quantity" size="3" id="frm-productWidget-widgetCarousel-1novinky-buy-49769-quantityForm-quantity" data-nette-rules='[{"op":":integer","msg":"Množství musí být číslo."}]' value="1" aria-label="počet k přidání">
                <input type="submit" name="_submit" value="Přidat" class="product-quantity-control-submit plus" aria-label="přidat počet do košíku">
            <input type="hidden" name="do" value="productWidget-widgetCarousel-1novinky-buy-49769-quantityForm-submit"><!--[if IE]><input type=IEbug disabled style="display:none"><![endif]-->
</form>

        </div>
</div>
                <p class="product-incart-info accessible">Produkt nemáte v košíku</p>


        </div>

        
    </div>
    <div id="product-append-10143" class="product-item">
        <div class="product-item-flags">
            <div class="flag-sale ">
                <span class="percents">17<small>&#37;</small></span>
            </div>
        </div>
        <div class="product-item-image">
                <a data-href="/?productWidget-widgetCarousel-1novinky-id=10143&amp;do=productWidget-widgetCarousel-1novinky-modal"
                   data-target="productWidget-widgetCarousel-1novinky-productModal"
                   data-product-id="10143"
                   data-product-price="34.9"
                   data-page-title="Nekton Kaviár z kapelínů červený 50g"
                   data-page-path="/produkt/10143-nekton-kaviar-z-kapelinu-cerveny-50g"
                   data-user-id=""
                   aria-hidden="true"
                   data-kosikmodal-onclose="onProductModalDestroy"
                   onclick="kosikAjax.click(this, initModalCarousel(this))">
                    <img src="https://cdn.kosik.cz/content/product/jpg/list-retina/placeholder.jpg" data-src="https://cdn.kosik.cz/content/product/jpg/list-retina/27930.jpg" alt="Nekton Kaviár z kapelínů červený 50g" class="loading-images loading-image">
                </a>




        </div>
                <div class="product-item-info">
                <h5><a href="javascript:void(0)" aria-label="Nekton Kaviár z kapelínů červený 50g" data-href="/?productWidget-widgetCarousel-1novinky-id=10143&amp;do=productWidget-widgetCarousel-1novinky-modal" class="product-name modal-link"
                   data-target="productWidget-widgetCarousel-1novinky-productModal" onclick="kosikAjax.click(this, initModalCarousel(this))">
                    Nekton Kaviár z kapelínů červený 50g
                    
                </a></h5>
            <p class="product-item-price product-in-discount">
                <span class="price-before-discount">
					<span><strong class="price">34,90 Kč</strong></span>
				</span>
                <strong class="price">28,90 Kč</strong>

            </p>
            <p class="product-item-unit">
                    (<strong class="price">578,00 Kč</strong> / kg)
            </p>
                        <div class="product-list-rating">
            </div>
<div id="snippet-productWidget-widgetCarousel-1novinky-buy-10143-quantity">        <div class="product-quantity-control">
            <form action="/" method="post" class="ajax" id="frm-productWidget-widgetCarousel-1novinky-buy-10143-quantityForm">
                <input type="text" name="quantity" size="3" id="frm-productWidget-widgetCarousel-1novinky-buy-10143-quantityForm-quantity" data-nette-rules='[{"op":":integer","msg":"Množství musí být číslo."}]' value="1" aria-label="počet k přidání">
                <input type="submit" name="_submit" value="Přidat" class="product-quantity-control-submit plus" aria-label="přidat počet do košíku">
            <input type="hidden" name="do" value="productWidget-widgetCarousel-1novinky-buy-10143-quantityForm-submit"><!--[if IE]><input type=IEbug disabled style="display:none"><![endif]-->
</form>

        </div>
</div>
                <p class="product-incart-info accessible">Produkt nemáte v košíku</p>


        </div>

        
    </div>
    <div id="product-append-50889" class="product-item">
        <div class="product-item-flags">
        </div>
        <div class="product-item-image">
                <a data-href="/?productWidget-widgetCarousel-1novinky-id=50889&amp;do=productWidget-widgetCarousel-1novinky-modal"
                   data-target="productWidget-widgetCarousel-1novinky-productModal"
                   data-product-id="50889"
                   data-product-price="119.9"
                   data-page-title="Diana datle čerstvé Mazafati 500g"
                   data-page-path="/produkt/50889-diana-datle-cerstve-mazafati-500g"
                   data-user-id=""
                   aria-hidden="true"
                   data-kosikmodal-onclose="onProductModalDestroy"
                   onclick="kosikAjax.click(this, initModalCarousel(this))">
                    <img src="https://cdn.kosik.cz/content/product/jpg/list-retina/placeholder.jpg" data-src="https://cdn.kosik.cz/content/product/jpg/list-retina/68422.jpg" alt="Diana datle čerstvé Mazafati 500g" class="loading-images loading-image">
                </a>




        </div>
                <div class="product-item-info">
                <h5><a href="javascript:void(0)" aria-label="Diana datle čerstvé Mazafati 500g" data-href="/?productWidget-widgetCarousel-1novinky-id=50889&amp;do=productWidget-widgetCarousel-1novinky-modal" class="product-name modal-link"
                   data-target="productWidget-widgetCarousel-1novinky-productModal" onclick="kosikAjax.click(this, initModalCarousel(this))">
                    Diana datle čerstvé Mazafati 500g
                    <br><span class="new-product">Novinka</span>
                </a></h5>
            <p class="product-item-price ">
                <span class="price-before-discount">
				</span>
                <strong class="price">119,90 Kč</strong>

            </p>
            <p class="product-item-unit">
                    (<strong class="price">239,80 Kč</strong> / kg)
            </p>
                        <div class="product-list-rating">
            </div>
<div id="snippet-productWidget-widgetCarousel-1novinky-buy-50889-quantity">        <div class="product-quantity-control">
            <form action="/" method="post" class="ajax" id="frm-productWidget-widgetCarousel-1novinky-buy-50889-quantityForm">
                <input type="text" name="quantity" size="3" id="frm-productWidget-widgetCarousel-1novinky-buy-50889-quantityForm-quantity" data-nette-rules='[{"op":":integer","msg":"Množství musí být číslo."}]' value="1" aria-label="počet k přidání">
                <input type="submit" name="_submit" value="Přidat" class="product-quantity-control-submit plus" aria-label="přidat počet do košíku">
            <input type="hidden" name="do" value="productWidget-widgetCarousel-1novinky-buy-50889-quantityForm-submit"><!--[if IE]><input type=IEbug disabled style="display:none"><![endif]-->
</form>

        </div>
</div>
                <p class="product-incart-info accessible">Produkt nemáte v košíku</p>


        </div>

        
    </div>
    <div id="product-append-27719" class="product-item">
        <div class="product-item-flags">
            <div class="flag-sale ">
                <span class="percents">36<small>&#37;</small></span>
            </div>
        </div>
        <div class="product-item-image">
                <a data-href="/?productWidget-widgetCarousel-1novinky-id=27719&amp;do=productWidget-widgetCarousel-1novinky-modal"
                   data-target="productWidget-widgetCarousel-1novinky-productModal"
                   data-product-id="27719"
                   data-product-price="46.9"
                   data-page-title="Rama s podmáslím 400g"
                   data-page-path="/produkt/27719-rama-s-podmaslim-400g"
                   data-user-id=""
                   aria-hidden="true"
                   data-kosikmodal-onclose="onProductModalDestroy"
                   onclick="kosikAjax.click(this, initModalCarousel(this))">
                    <img src="https://cdn.kosik.cz/content/product/jpg/list-retina/placeholder.jpg" data-src="https://cdn.kosik.cz/content/product/jpg/list-retina/45009.jpg" alt="Rama s podmáslím 400g" class="loading-images loading-image">
                </a>




        </div>
                <div class="product-item-info">
                <h5><a href="javascript:void(0)" aria-label="Rama s podmáslím 400g" data-href="/?productWidget-widgetCarousel-1novinky-id=27719&amp;do=productWidget-widgetCarousel-1novinky-modal" class="product-name modal-link"
                   data-target="productWidget-widgetCarousel-1novinky-productModal" onclick="kosikAjax.click(this, initModalCarousel(this))">
                    Rama s podmáslím 400g
                    
                </a></h5>
            <p class="product-item-price product-in-discount">
                <span class="price-before-discount">
					<span><strong class="price">46,90 Kč</strong></span>
				</span>
                <strong class="price">29,90 Kč</strong>

            </p>
            <p class="product-item-unit">
                    (<strong class="price">74,80 Kč</strong> / kg)
            </p>
                        <div class="product-list-rating">
            </div>
<div id="snippet-productWidget-widgetCarousel-1novinky-buy-27719-quantity">        <div class="product-quantity-control">
            <form action="/" method="post" class="ajax" id="frm-productWidget-widgetCarousel-1novinky-buy-27719-quantityForm">
                <input type="text" name="quantity" size="3" id="frm-productWidget-widgetCarousel-1novinky-buy-27719-quantityForm-quantity" data-nette-rules='[{"op":":integer","msg":"Množství musí být číslo."}]' value="1" aria-label="počet k přidání">
                <input type="submit" name="_submit" value="Přidat" class="product-quantity-control-submit plus" aria-label="přidat počet do košíku">
            <input type="hidden" name="do" value="productWidget-widgetCarousel-1novinky-buy-27719-quantityForm-submit"><!--[if IE]><input type=IEbug disabled style="display:none"><![endif]-->
</form>

        </div>
</div>
                <p class="product-incart-info accessible">Produkt nemáte v košíku</p>


        </div>

        
    </div>
</div>

<div class="kosik-modal-overlay product-modal" id="productWidget-widgetCarousel-1novinky-productModal" role="dialog">
    <div class="kosik-modal-inner large super-scaled" id="snippet-productWidget-widgetCarousel-1novinky-productModalArea">
    </div>
</div>


<div class="kosik-modal-overlay" id="productWidget-widgetCarousel-1novinky-productSetModal" role="dialog">
    <div class="kosik-modal-inner large super-scaled" id="snippet-productWidget-widgetCarousel-1novinky-productSetModalArea">
    </div>
</div>
			</div>
		</div>

			<div class="full-width-illusion">

				<div class="region region-third region-sets-recipe-recension">
					<div class="region-inner">

						<div class="block block-sets">
							<h3 class="title">Připravené nákupy</h3>

							<a class="carousel-show-all" href="/pripravene-nakupy" aria-label="Přejít na připravené nákupy">Zobrazit vše</a>
							<div class="sets-recipe-blog-carousel-wrapper">
								<div class="content">
									<img src="/css/images/tmp/hp/productset-1.png" alt=""> <!-- size 400x215px -->
									<div class="iris iris-black">
										<h4>Gurmánský výběr</h4>
										<p class="text-cut">Vyzkoušejte z čeho vaří největší labužníci.</p>
										<a href="https://www.kosik.cz/pripravene-nakupy/28660" class="button-simple button-red" aria-label="Gurmánský výběr">Nakoupit</a>
									</div>
								</div>
								<div class="content">
									<img src="/css/images/tmp/hp/productset-2.png" alt=""> <!-- size 400x215px -->
									<div class="iris iris-black">
										<h4>Veganské hody</h4>
										<p class="text-cut">Pochutnejte si v souladu s přirodou.</p>
										<a href="https://www.kosik.cz/pripravene-nakupy/19150" class="button-simple button-red" aria-label="Veganské hody">Nakoupit</a>
									</div>
								</div>
								<div class="content">
									<img src="/css/images/tmp/hp/productset-3.png" alt=""> <!-- size 400x215px -->
									<div class="iris iris-black">
										<h4>Plody itálie</h4>
										<p class="text-cut">Objevte tajemství italských kuchařů.</p>
										<a href="https://www.kosik.cz/pripravene-nakupy/35624" class="button-simple button-red" aria-label="Plody itálie">Nakoupit</a>
									</div>
								</div>
								<div class="content">
									<img src="/css/images/tmp/hp/productset-4.png" alt=""> <!-- size 400x215px -->
									<div class="iris iris-black">
										<h4>Dietní balíček</h4>
										<p class="text-cut">Hubnití si lze užít, stačí správně nakoupit.</p>
										<a href="https://www.kosik.cz/pripravene-nakupy/6642" class="button-simple button-red" aria-label="Dietní balíček">Nakoupit</a>
									</div>
								</div>
							</div>

						</div>


						<div class="block block-recipe">
							<h3 class="title">Recepty</h3>
							<a class="carousel-show-all" href="/recepty" aria-label="Přejít na recepty">Zobrazit vše</a>
							<div class="sets-recipe-blog-carousel-wrapper">
								<div class="content">
									<img src="/css/images/tmp/hp/recept-1.png" alt="">
									<div class="iris iris-black">
										<h4>Hrušková polévka</h4>
										<p class="text-cut">Tak trochu jiná polévka</p>
										<div class="stars-inline">
											<ul>
												<li>
													<i class="fa fa-star"></i>
												</li>
												<li>
													<i class="fa fa-star"></i>
												</li>
												<li>
													<i class="fa fa-star"></i>
												</li>
												<li>
													<i class="fa fa-star"></i>
												</li>
												<li>
													<i class="fa fa-star"></i>
												</li>

											</ul>
										</div>
										<a class="button-simple button-red" aria-label="Hrušková polévka recept" href="/recept/218-hruskova-polevka">Recept</a>
									</div>
								</div>
								<div class="content">
									<img src="/css/images/tmp/hp/recept-2.png" alt="">
									<div class="iris iris-black">
										<h4>Kuře na citrónu</h4>
										<p class="text-cut">Skvělý oběd pro celou rodinu</p>
										<div class="stars-inline">
											<ul>
												<li>
													<i class="fa fa-star"></i>
												</li>
												<li>
													<i class="fa fa-star"></i>
												</li>
												<li>
													<i class="fa fa-star"></i>
												</li>
												<li>
													<i class="fa fa-star"></i>
												</li>
												<li>
													<i class="fa fa-star"></i>
												</li>

											</ul>
										</div>
										<a class="button-simple button-red" aria-label="Kuře na citrónu recept" href="/recept/199-kure-na-citronu">Recept</a>
									</div>
								</div>
								<div class="content">
									<img src="/css/images/tmp/hp/recept-3.png" alt="">
									<div class="iris iris-black">
										<h4>Sladké vafle</h4>
										<p class="text-cut">Začněte den jinak</p>
										<div class="stars-inline">
											<ul>
												<li>
													<i class="fa fa-star"></i>
												</li>
												<li>
													<i class="fa fa-star"></i>
												</li>
												<li>
													<i class="fa fa-star"></i>
												</li>
												<li>
													<i class="fa fa-star"></i>
												</li>
												<li>
													<i class="fa fa-star"></i>
												</li>

											</ul>
										</div>
										<a class="button-simple button-red" aria-label="Sladké vafle recept" href="/recept/195-sladke-vafle">Recept</a>
									</div>
								</div>
								<div class="content">
									<img src="/css/images/tmp/hp/recept-4.png" alt="">
									<div class="iris iris-black">
										<h4>Chlebák zeleninový</h4>
										<p class="text-cut">Svačinka s fantazií</p>
										<div class="stars-inline">
											<ul>
												<li>
													<i class="fa fa-star"></i>
												</li>
												<li>
													<i class="fa fa-star"></i>
												</li>
												<li>
													<i class="fa fa-star"></i>
												</li>
												<li>
													<i class="fa fa-star"></i>
												</li>
												<li>
													<i class="fa fa-star"></i>
												</li>

											</ul>
										</div>
										<a class="button-simple button-red" aria-label="Chlebák zeleninový recept" href="/recept/190-chlebak-zeleninovy">Recept</a>
									</div>
								</div>

							</div>
						</div>

						<div class="block block-recension">
							<h3 class="title">Košík bloguje</h3>
							<a class="carousel-show-all" href="https://blog.kosik.cz/"  aria-label="Přejít na blog">Zobrazit vše</a>

							<div class="sets-recipe-blog-carousel-wrapper">
								<div class="content">
									<img src="/css/images/tmp/hp/blog-1.png" alt="">
									<div class="iris iris-black">
										<h4>Zavařování ovoce</h4>
										<p class="text-cut">Sladká dobrota ve skleničce</p>
										<a href="https://blog.kosik.cz/poradime-vam-jak-na-zavarovani-ovoce/" class="button-simple button-red" aria-label="článek - Zavařování ovoce">Článek</a>
									</div>
								</div>
								<div class="content">
									<img src="/css/images/tmp/hp/blog-2.png" alt="">
									<div class="iris iris-black">
										<h4>Zavařování zeleniny</h4>
										<p class="text-cut">Zásoba vitamínů nejen na zimu</p>
										<a href="https://blog.kosik.cz/zavarovani-zeleniny-nemusi-byt-nuda/" class="button-simple button-red" aria-label="článek - Zavařování zeleniny">Článek</a>
									</div>
								</div>
								<div class="content">
									<img src="/css/images/tmp/hp/blog-3.png" alt="">
									<div class="iris iris-black">
										<h4>Zpátky do rytmu</h4>
										<p class="text-cut">Nepodceňujte sílu přírody</p>
										<a href="https://blog.kosik.cz/zpatky-do-rytmu-se-silou-prirody/" class="button-simple button-red" aria-label="článek - Zpátky do rytmu">Článek</a>
									</div>
								</div>
							</div>
						</div>
					</div>
				</div>

				<div class="region region-pinpointing-locality">
					<div class="region-inner region-pinpointing-locality-inner">

		                <div class="pinpointing-photo">
		                    <img src="/css/images/pinpointing-city-photo.jpg" alt="" aria-hidden="true">
		                </div>

<div class="block block-pinpointing-form">
	<div class="enter-postcode-arrow">
		<div class="enter-postcode">
			Stačí zadat vaše <strong>PSČ</strong>
		</div>
	</div>
	<h2 class="question">
		Doručujeme k vám?
		<span class="question-subtitle">Hned to zjistíme!</span>
	</h2>
<div id="snippet-deliveryAreaCheckerNice-deliverabilityBlock">		<div class="enter-postcode-form">
			<form action="/" method="post" class="ajax" id="frm-deliveryAreaCheckerNice-form">
				<div class="element-delivery-suggester">
					<label for="frm-deliveryAreaCheckerNice-form-location" class="accessible"></label>
					<input type="text" name="location" placeholder="Zadejte PSČ" id="frm-deliveryAreaCheckerNice-form-location" class="form-control">
				</div>

				<input type="submit" value="ověřit" class="button-red button-simple">
			<input type="hidden" name="do" value="deliveryAreaCheckerNice-form-submit"><!--[if IE]><input type=IEbug disabled style="display:none"><![endif]-->
</form>

		</div>
</div></div>

		                <div class="block block-pinpointing-cities" id="snippet--chooseCity">
							<span class="city ajax">
		                        Praha<br><small>+ Střední Čechy</small>
		                    </span>
		                    <span class="city ajax">
		                        Brno<br><small>+ okolí</small>
		                    </span>
		                    <span class="city ajax">
		                        Ostrava<br><small>+ okolí</small>
		                    </span>
		                    <span class="city ajax">
		                        Liberec a Jablonec<br><small>+ okolí</small>
		                    </span>
		                    <span class="city ajax">
		                        Ústí n/L a Teplice<br><small>+ okolí</small>
		                    </span>
		                    <span class="city ajax">
		                        Pardubice a Chrudim<br><small>+ okolí</small>
		                    </span>
		                    <span class="city ajax">
		                        Hradec Králové<br><small>+ okolí</small>
		                    </span>
		                    <span class="city ajax">
		                        Olomouc, Přerov a Prostějov<br><small>+ okolí</small>
		                    </span>
		                    <span class="city ajax">
		                        Most a Chomutov<br><small>+ okolí</small>
		                    </span>
		                    <span class="city ajax">
		                        Plzeň<br><small>+ okolí</small>
		                    </span>
		                </div>
					</div>
									</div>


			</div>


		<div id="snippet--careerAnnotationWrapper">
			<div class="career-annotation">
				<h5>Tým Košík.cz <strong>hledá posily!</strong></h5>
				<a class="button-red button-simple button-smaller" aria-label="Nabídka pracovních pozic" href="/kariera">Více</a>
				<span class="annotation-close"></span>
			</div>
			<script type="text/javascript">
				$(document).ready(function() {
					var showAnn = 'showCareerAnnotation';

					if ($.cookie(showAnn) === 1 || $.cookie(showAnn) === undefined) {
						$('.career-annotation').show();
					} else {
						$('.career-annotation').hide();
					}

					$('.annotation-close').on('click', function () {
						$.cookie(showAnn, 0);
						$('.career-annotation').hide();
					});
				});
			</script>
		</div>


		<div class="kosik-modal-overlay product-modal" id="farm-productModal" role="dialog">
			<div class="kosik-modal-inner large super-scaled" id="snippet--productModalArea">
			</div>
		</div>

	</div>

	<script type="text/javascript">
		$(document).ready(function () {
			$('.loyalty-carousel').slick({
				dots: true,
				dotsClass: 'slick-dots slick-dots-hp',
				infinite: true,
				slidesToShow: 1,
				speed: 300
			});

			$('.week-offer-carousel').slick({
				dots: true,
				dotsClass: 'slick-dots slick-dots-hp',
				infinite: true,
				slidesToShow: 1,
				speed: 300
			});
            $('.sets-recipe-blog-carousel-wrapper').slick({
                dots: true,
                dotsClass: 'slick-dots slick-dots-hp',
                infinite: true,
                slidesToShow: 1,
                speed: 300
            });

			fixing.onClose(function () {
				$('.loyalty-carousel').slick('slickSetOption', 'slidesToShow', 1, true);
				$('.week-offer-carousel').slick('slickSetOption', 'slidesToShow', 1, true);
                $('.sets-recipe-blog-carousel-wrapper').slick('slickSetOption', 'slidesToShow', 1, true);
			});

			fixing.onOpen(function () {
				$('.loyalty-carousel').slick('slickSetOption', 'slidesToShow', 1, true);
				$('.week-offer-carousel').slick('slickSetOption', 'slidesToShow', 1, true);
                $('.sets-recipe-blog-carousel-wrapper').slick('slickSetOption', 'slidesToShow', 1, true);

			});


		});

		function setBagListImg(SRC) {
			$("#bag-list-img").fadeOut("slow", function() {
				$("#bag-list-img").attr("src", SRC);
			}).fadeIn("fast");
		}
	</script>
		</div>


		<div class="zone-wrapper zone-postscript-wrapper clearfix" id="footer-fixing-element">
			<div class="zone zone-postscript clearfix">
				<h2 class="hp-brand-carousel-title" style="display: none">Oblíbené značky</h2>
				<div class="region region-brands-carousel">
					<div class="region-inner region-brands-carousel-inner">

												<div>
	<div class="company-box" style="filter: grayscale(100%)" onmouseover="this.style.WebkitFilter='grayscale(0%)'" onmouseout="this.style.WebkitFilter='grayscale(100%)'">
		<a href="/birell-botanicals" aria-label="Birell Botanicals">
			<img style="margin-top: 15%" src="/content/microsites/birell/logo.jpg" alt="Birell Botanicals" aria-hidden="true">
			<div class="company-text" aria-hidden="true">Birell Botanicals</div>
		</a>
	</div>
</div>
												<div>
	<div class="company-box" style="filter: grayscale(100%)" onmouseover="this.style.WebkitFilter='grayscale(0%)'" onmouseout="this.style.WebkitFilter='grayscale(100%)'">
		<a href="/brand/penam" aria-label="Penam">
			<img style="margin-top: 15%" src="https://cdn.kosik.cz/content/brand-logo/png/default/86.png" alt="Penam" aria-hidden="true">
			<div class="company-text" aria-hidden="true">Penam</div>
		</a>
	</div>
</div>
<div>
	<div class="company-box" style="filter: grayscale(100%)" onmouseover="this.style.WebkitFilter='grayscale(0%)'" onmouseout="this.style.WebkitFilter='grayscale(100%)'">
		<a href="/brand/madeta" aria-label="Madeta">
			<img style="margin-top: 15%" src="https://cdn.kosik.cz/content/brand-logo/png/default/101.png" alt="Madeta" aria-hidden="true">
			<div class="company-text" aria-hidden="true">Madeta</div>
		</a>
	</div>
</div>
<div>
	<div class="company-box" style="filter: grayscale(100%)" onmouseover="this.style.WebkitFilter='grayscale(0%)'" onmouseout="this.style.WebkitFilter='grayscale(100%)'">
		<a href="/brand/danone" aria-label="Danone">
			<img style="margin-top: 15%" src="https://cdn.kosik.cz/content/brand-logo/png/default/109.png" alt="Danone" aria-hidden="true">
			<div class="company-text" aria-hidden="true">Danone</div>
		</a>
	</div>
</div>
<div>
	<div class="company-box" style="filter: grayscale(100%)" onmouseover="this.style.WebkitFilter='grayscale(0%)'" onmouseout="this.style.WebkitFilter='grayscale(100%)'">
		<a href="/brand/dr-oetker" aria-label="Dr. Oetker">
			<img style="margin-top: 15%" src="https://cdn.kosik.cz/content/brand-logo/png/default/313.png" alt="Dr. Oetker" aria-hidden="true">
			<div class="company-text" aria-hidden="true">Dr. Oetker</div>
		</a>
	</div>
</div>
<div>
	<div class="company-box" style="filter: grayscale(100%)" onmouseover="this.style.WebkitFilter='grayscale(0%)'" onmouseout="this.style.WebkitFilter='grayscale(100%)'">
		<a href="/brand/pickwick" aria-label="Pickwick">
			<img style="margin-top: 15%" src="https://cdn.kosik.cz/content/brand-logo/png/default/357.png" alt="Pickwick" aria-hidden="true">
			<div class="company-text" aria-hidden="true">Pickwick</div>
		</a>
	</div>
</div>
<div>
	<div class="company-box" style="filter: grayscale(100%)" onmouseover="this.style.WebkitFilter='grayscale(0%)'" onmouseout="this.style.WebkitFilter='grayscale(100%)'">
		<a href="/brand/velkopopovicky-kozel" aria-label="Velkopopovický Kozel">
			<img style="margin-top: 15%" src="https://cdn.kosik.cz/content/brand-logo/png/default/448.png" alt="Velkopopovický Kozel" aria-hidden="true">
			<div class="company-text" aria-hidden="true">Velkopopovický Kozel</div>
		</a>
	</div>
</div>
<div>
	<div class="company-box" style="filter: grayscale(100%)" onmouseover="this.style.WebkitFilter='grayscale(0%)'" onmouseout="this.style.WebkitFilter='grayscale(100%)'">
		<a href="/brand/edeka" aria-label="Edeka">
			<img style="margin-top: 15%" src="https://cdn.kosik.cz/content/brand-logo/png/default/678.png" alt="Edeka" aria-hidden="true">
			<div class="company-text" aria-hidden="true">Edeka</div>
		</a>
	</div>
</div>

					</div>
				</div>
				<div class="region region-subscribe-box">
					<div class="region-inner region-subscribe-box-inner">
						<div class="block block-subscribe-box-logo">
							<a aria-hidden="true" href="/">
								<img src="/css/images/logo-white.svg" alt="Košík.cz">
							</a>
						</div>
						<div class="block block-subscribe-box-social">
							<a href="https://twitter.com/kosikcz" class="twitter" title="Twitter" aria-label="Twitter">
								<i class="fa fa-twitter" aria-hidden="true"></i>
							</a>
							<a href="https://www.facebook.com/kosikcz" title="Facebook" class="facebook" aria-label="Facebook">
								<i class="fa fa-facebook" aria-hidden="true"></i>
							</a>
							<a href="https://www.instagram.com/kosik.cz/" title="Instagram" class="instagram" aria-label="Instagram" >
								<i class="fa fa-instagram" aria-hidden="true"></i>
							</a>
						</div>

<div class="block block-subscribe-email" id="snippet-subscribeMailing-subscribeFormArea">
		<p>Novinky a akční nabídky</p>
		<form action="/" method="post" class="ajax" id="frm-subscribeMailing-subscribe">
		<label for="frm-subscribeMailing-subscribe-email">Zadejte svůj e-mail</label>
		<input type="text" name="email" placeholder="Zadejte svůj e-mail" id="frm-subscribeMailing-subscribe-email" required data-nette-rules='[{"op":":filled","msg":"E-mail je povinný"},{"op":":email","msg":"E-mail nemá správný formát"}]'>
		<input type="submit" name="_submit" value="Přihlásit" class="subscribe-button button-simple button-green" aria-label="Přihlásit se k odběru novinek">
		<input type="hidden" name="do" value="subscribeMailing-subscribe-submit"><!--[if IE]><input type=IEbug disabled style="display:none"><![endif]-->
</form>

</div>
					</div>
				</div>

			</div>
		</div>

		<footer class="zone-wrapper zone-footer-wrapper clearfix" role="contentinfo">
			<div class="zone zone-footer clearfix">
				<h2 class="accessible">Patička</h2>
				<div class="region region-footer lighter-gray-bg">
					<div class="region-inner region-footer-inner">
						<div class="block block-footer-left">

	<ul>
		<li>
			<h4 class="footer-title">Nakupování</h4>
			<ul>
				<li>
					<a href="/pripravene-nakupy">Připravené nákupy</a>
				</li>
				<li>
					<a href="/pruvodce-nakupem">Průvodce nákupem</a>
				</li>
				<li>
					<a href="/produkty-v-akci">Produkty v akci</a>
				</li>
				<li>
					<a href="/brands">Značkové obchody</a>
				</li>
				<li>
					<a href="/doporucujeme">Doporučujeme</a>
				</li>
			</ul>
		</li>
	</ul>
	<ul>
		<li>
			<h4 class="footer-title">Společnost</h4>
			<ul>
				<li>
					<a href="/spolecnost/kontakt">Kontakt</a>
				</li>
				<li>
					<a href="/kariera">Kariéra</a>
				</li>
				<li>
					<a href="/spolecnost/obchodni-podminky">Obchodní podmínky</a>
				</li>
				<li>
					<a href="/spolecnost/zrusit-odber">Zrušit odběr akční nabídky</a>
				</li>
			</ul>
		</li>
	</ul>
	<ul>
		<li>
			<h4 class="footer-title">Zajímá vás</h4>
			<ul>
				<li>
					<a href="/zajima-vas/proc-vybrat-kosik">Proč vybrat Košík.cz?</a>
				</li>
				<li>
					<a href="/zajima-vas/caste-dotazy">Časté dotazy</a>
				</li>
				<li>
					<a href="/zajima-vas/spoluprace">Spolupráce</a>
				</li>
				<li>
					<a href="/vitejte">První nákup</a>
				</li>
			</ul>
		</li>
	</ul>
	<ul>
		<li>
			<h4 class="footer-title">Získejte</h4>
			<ul>
				<li>
					<a href="/informace-o-rozvozu-a-cenach">Informace o rozvozu a cenách</a>
				</li>
				<li>
					<a href="/garance-spokojenosti">Garance spokojenosti</a>
				</li>
			</ul>
		</li>
	</ul>
						</div>
						<div class="block block-footer-right">
							<a href="https://www.facebook.com/kosikcz" class="accessible">Facebook Košík.cz</a>
							<div class="fb-page" data-href="https://www.facebook.com/kosikcz" data-width="300"
								 data-height="200"
								 data-small-header="true" data-adapt-container-width="false" data-hide-cover="false"
								 data-show-facepile="true" data-show-posts="false" aria-hidden="true">
								<div class="fb-xfbml-parse-ignore">
									<blockquote cite="https://www.facebook.com/kosikcz"><a
												href="https://www.facebook.com/kosikcz">Facebook</a></blockquote>
								</div>
							</div>
						</div>
						<div class="clear"></div>
						<div class="block block-footer-services">
							<div class="service-contact">
								<div class="service-phone">
									<span class="circle"><i class="fa fa-phone" aria-label="Telefon"></i></span>
									<p>226 220 500 <span>Denně 7:00 až 22:00</span></p>
							</div>
								<div class="service-mail">
									<span class="circle"><i class="fa fa-envelope" aria-label="E-mail"></i></span>

									<p>zakaznici@kosik.cz <span>Vašim e-mailům se věnujeme 7 dní v týdnu.</span></p>
								</div>
							</div>
							<div class="service-payment">
									<div class="payment">
										<img src="/css/images/payment-1.png" alt="Bezpečná platba - 1">
									</div>
									<div class="payment">
										<img src="/css/images/payment-2.png" alt="Bezpečná platba - 2">
									</div>
									<div class="payment">
										<img src="/css/images/payment-3.png" alt="Bezpečná platba - 3">
									</div>
									<div class="payment">
										<img src="/css/images/payment-4.png" alt="Bezpečná platba - 4">
									</div>
									<div class="payment">
										<img src="/css/images/payment-5.png" alt="Bezpečná platba - 5">
									</div>
							</div>
						</div>
					</div>
				</div>
				<div class="region region-copyright">
					<div class="region-inner region-copyright-inner">
						<p>Copyright ©2017 &copy; Košík.cz. Všechna práva vyhrazena.</p>
												<!-- Facebook Pixel Code -->
						<script>
							!function (f, b, e, v, n, t, s){if(f.fbq)return;n=f.fbq=function(){n.callMethod?
				n.callMethod.apply(n,arguments):n.queue.push(arguments)};if(!f._fbq)f._fbq=n;
				n.push=n;n.loaded=!0;n.version='2.0';n.queue=[];t=b.createElement(e);t.async=!0;
				t.src=v;s=b.getElementsByTagName(e)[0];s.parentNode.insertBefore(t,s)}(window,
									document, 'script', '//connect.facebook.net/en_US/fbevents.js');
							fbq('init', '338087796401059');
							fbq('track', "PageView");</script>
						<noscript><img height="1" width="1" style="display:none"
									   src="https://www.facebook.com/tr?id=338087796401059&ev=PageView&noscript=1"
							></noscript>
						<!-- End Facebook Pixel Code -->
					</div>
				</div>
			</div>
		</footer>

				<section class="kosik-modal-overlay zero-padding" id="weighable-modal" role="dialog" tabindex="-1">
			<div class="kosik-modal-inner large  super-scaled">

				<a href="javascript:void(0)" aria-label="Zavřít dialog" class="kosik-modal-close"></a>

				<div class="region region-fullwidth-image">
					<div class="region-inner region-fullwidth-image-inner">
						<img src="/css/images/veg.jpg" alt="">
					</div>
				</div>
				<div class="region region-modal-content">
					<div class="region-inner region-modal-content-inner  align-center">
						<h1 class="title"><strong>Kolik u nás zaplatíte</strong> <span>za maso, ovoce a zeleninu?</span></h1>

						<div class="block block-steps">
							<div class="block-steps-inner">
								<div class="step">
																		<p class="step-text">Slovíčka „cca" se u nás bát nemusíte! Jde pouze o přibližný
										odhad ceny, <strong>ve finále vám naúčtujeme pouze reálnou váhu daného
											výrobku.</strong></p>
								</div>
								<div class="step">
																		<p class="step-text">Při platbě v hotovosti vás kurýr obeznámí s výslednou cenou.
										Při platbě kartou vám případný rozdíl bude vrácen zpět na váš účet.</p>
								</div>
								<div class="step">
																		<p class="step-text">Nikdy se však nebude jednat o rozdíl větší než 30% z ceny
										výrobku.</p>
								</div>
							</div>
						</div>
						<a class="button button-red green-button"
						   onclick="kosikModal.closeModal(document.getElementById('weighable-modal'))">Pokračovat v nákupu</a>
					</div>
				</div>

			</div>
		</section>




        <div class="kosik-modal-overlay" id="login-modal" role="dialog" tabindex="-1" aria-labelledby="login-modal-label">
            <div class="kosik-modal-inner medium super-scaled">
                <div class="login-modal-dialog-box">
<a href="javascript:void(0)" aria-label="Zavřít dialog" class="log-in-close-tag kosik-modal-close"></a>
<div class="login-modal" id="snippet-loginModal-signIn-singIN">
        <h2 id="login-modal-label">Přihlásit</h2>
        <form action="/" method="post" id="frm-loginModal-signIn-signInForm">
            <div class="form-row">
                    <label for="frm-loginModal-signIn-signInForm-email">E-mailová adresa</label>
                <input type="text" name="email" maxlength="255" id="frm-loginModal-signIn-signInForm-email" required data-nette-rules='[{"op":":filled","msg":"Zadejte prosím svoji e-mailovou adresu."},{"op":":email","msg":"E-mailová adresa nemá správný formát."},{"op":":maxLength","msg":"Maximální délka e-mailové adresy je %length% znaků.","arg":255}]' class="form-control">
            </div>
            <div class="form-row">
                    <label for="frm-loginModal-signIn-signInForm-password">Heslo</label>
                <input type="password" name="password" id="frm-loginModal-signIn-signInForm-password" required data-nette-rules='[{"op":":filled","msg":"Zadejte prosím své heslo."}]' class="form-control">
            </div>
            <div class="form-row">
                <a class="ajax link-red" href="/?do=loginModal-signIn-recovery">Zapomněli jste heslo?</a>
            </div>
            <div class="form-row">
                <input type="submit" name="send" value="Přihlásit" class="button button-red ajax">
            </div>
        <input type="hidden" name="do" value="loginModal-signIn-signInForm-submit"></form>

        <div class="form-row">
            <span class="row-delimiter">
                <b>nebo</b>
            </span>
        </div>
        <div class="form-row">
<a class="button button-facebook" data-href="true" href="/?do=loginModal-signIn-facebook-fbLogin-open">Facebook přihlášení</a>        </div>
</div>
<div class="login-modal" id="snippet-loginModal-signUp-singUP">
    <h2>Registrovat</h2>
<div id="snippet-loginModal-signUp-register">        <form action="/" method="post" id="frm-loginModal-signUp-signUpFormMain">
            <div class="form-row">
                    <label for="frm-loginModal-signUp-signUpFormMain-email">Registrační e-mail</label>
                <input type="text" name="email" maxlength="255" id="frm-loginModal-signUp-signUpFormMain-email" required data-nette-rules='[{"op":":filled","msg":"Zadejte prosím svou e-mailovou adresu."},{"op":":email","msg":"E-mailová adresa nemá správný formát."},{"op":":maxLength","msg":"Maximální délka e-mailové adresy je %length% znaků.","arg":255}]' class="form-control signup-email">
            </div>

            <div class="form-row">
                <a href="/zajima-vas/proc-vybrat-kosik" class="link-red">Proč se registrovat?</a>
            </div>
            <div class="form-row">
                <input type="submit" name="send" value="Registrovat" class="ajax button button-red">
            </div>
        <input type="hidden" name="do" value="loginModal-signUp-signUpFormMain-submit"><!--[if IE]><input type=IEbug disabled style="display:none"><![endif]-->
</form>

                                                <p class="benefits">
            <i class="fa fa-check"></i>
            <b>Garance</b> spokojenosti
        </p>
        <p class="benefits">
            <i class="fa fa-check"></i>
            <b>Doprava</b> zdarma
        </p>
</div></div>

<script async>
    $(".signup-email").on("focus", function() {
    	window.dataLayer = window.dataLayer || [];
	    window.dataLayer.push({
		    'event': 'ga.event',
		    'eCategory': 'User',
		    'eAction': 'Registration',
		    'eLabel': 'Start',
		    'eValue': 1,
		    'eNonInteractionHit': true,
		    'eventCallback' : function() {
			    window.dataLayer.push({
				    'eCategory': undefined,
				    'eAction': undefined,
				    'eLabel': undefined,
				    'eValue': undefined,
				    'eNonInteractionHit': false
			    });
		    }
	    });
    })
</script>
                </div>
            </div>
        </div>
    <div class="kosik-modal-overlay" id="product-set-add-modal" role="dialog" tabindex="-1">
        <div class="kosik-modal-inner medium super-scaled">
            <a href="javascript:void(0)" aria-label="Zavřít dialog" class="kosik-modal-close"></a>

				<div class="product-set-add-modal-overlay" id="snippet--productSetModalArea">
	<h3>Přidání na seznam</h3>
	<p align="center">Produkt byl přidán na nákupní seznam</p>
				</div>
			</div>
		</div>
	</div>

	<script type="text/javascript">
		$(document).ready(function () {
			$('.region-brands-carousel-inner').slick({
				dots: false,
				infinite: true,
				slidesToShow: 6,
				slidesToScroll: 6,
				responsive: [
					{
						breakpoint: 1025,
						settings: {
							slidesToShow: 5,
                            swipeToSlide: true
						}
					},
					{
						breakpoint: 769,
						settings: {
							slidesToShow: 4,
                            swipeToSlide: true
						}
					},
					{
						breakpoint: 559,
						settings: {
							slidesToShow: 3,
                            swipeToSlide: false,
                            slidesToScroll: 3,
						}
					},
					{
						breakpoint: 380,
						settings: {
							slidesToShow: 2,
                            swipeToSlide: false,
                            slidesToScroll: 2,
						}
					}
				]
			});
		});

	</script>
</div>        </div>
        <div class="flass-massege-box" id="snippet--flashes">
            <div class="flass-wrapper">
                <div class="flass-inner">
                </div>
            </div>

        </div>
        <script src="/js/kosik-slider.js"></script>
            <script type="text/javascript" async>
                var ua = navigator.userAgent.toLowerCase(),
                        platform = navigator.platform.toLowerCase();
                platformName = ua.match(/ip(?:ad|od|hone)/) ? 'ios' : (ua.match(/(?:webos|android)/) || platform.match(/mac|win|linux/) || ['other'])[0],
                        isMobile = /ios|android|webos/.test(platformName);
                if (!isMobile) {
                    <!-- Daktela Chat - START Body -->
                    var _daktelaChatInit = _daktelaChatInit || {};
                    _daktelaChatInit.server = 'https://digitalengines.daktela.com/';
                    _daktelaChatInit.accessToken = 'q3059750300809p3r611r01np2n63r7r';
                    _daktelaChatInit.queueName = '91001';
                    jQuery('head').append('<script type="text/javascript" charset="utf-8" src="'+
                    _daktelaChatInit.server+'external/chat/chat.v6.js" async><'+'/script>');
                    <!-- Daktela Chat - END Body -->
                }
            </script>
            <script async src="https://yottlyscript.com/script.js?tp=77"></script>

        <script src="/js/wNumb.js"></script>
        <script src="/js/nouislider.js"></script>
        <script src="/js/notification.js"></script>
        <script src="/js/slim.kickstart.min.js"></script>


		    </body>
</html>
