<!doctype html>
<html class="no-js" lang="cs">
    <head>
        <meta charset="utf-8">
        <title>
                Delikatesy | Košík.cz
        </title>
        <meta name="description" content="">
        <meta name="viewport" content="width=device-width, initial-scale=1.0, minimum-scale=1.0, maximum-scale=1.0, user-scalable=0">
        <meta name="google-site-verification" content="D_TktPqmDVHPoqRO1IIcPVlm_ozerAa43QP0QcKATP0">
        <link rel="apple-touch-icon" href="/css/images/logo.png">
        <link rel="stylesheet" type="text/css" href="/css/slim.min.css">

<link rel="stylesheet" type="text/css" href="/webtemp/cssloader-6fe495a87813.css?1513959590">
<script type="text/javascript" src="/webtemp/jsloader-e4f5f7728c43.js?1511346204"></script>
<script type="text/javascript">
    function currentPageDataPush() {
	    window.dataLayer = window.dataLayer || [];
	    window.dataLayer.push({
		    'pageType': "category",
		    'pageCategory': ["Delikatesy"],
		    'visitorLoginState': 'Anonymous',
			
	    });
    };
    currentPageDataPush();
</script>
<!-- Google Tag Manager -->
    <script>
        (
            function(w,d,s,l,i){
                w[l]=w[l]||[];
                w[l].push({'gtm.start':new Date().getTime(),event:'gtm.js'});
                var f=d.getElementsByTagName(s)[0],j=d.createElement(s),dl=l!='dataLayer'?'&l='+l:'';
                j.async=true;
                j.src='https://www.googletagmanager.com/gtm.js?id='+i+dl;
                f.parentNode.insertBefore(j,f);
            }
        )(window,document,'script','dataLayer',"GTM-MXLVZK");
    </script>
<!-- End Google Tag Manager -->        
                    </head>
    <body>
<!-- Google Tag Manager (noscript) -->
	<noscript><iframe src="https://www.googletagmanager.com/ns.html?id=GTM-MXLVZK" height="0" width="0" style="display:none;visibility:hidden"></iframe></noscript>
<!-- End Google Tag Manager (noscript) -->
	            <div id="fb-root"></div>
        <script async>(function (d, s, id) {
                var js, fjs = d.getElementsByTagName(s)[0];
                if (d.getElementById(id)) return;
                js = d.createElement(s);
                js.id = id;
                js.src = "//connect.facebook.net/en_US/sdk.js#xfbml=1&version=v2.4&appId=680354828760786";
                fjs.parentNode.insertBefore(js, fjs);
            }(document, 'script', 'facebook-jssdk'));
        </script>
        <div class="black-overlay"></div>
        <div id="kosik-modal-blur">
<div id="snippet--wholeContent">	<!--[if lt IE 8]>
	<p class="browserupgrade">You are using an <strong>outdated</strong> browser. Please <a
			href="http://browsehappy.com/">upgrade your browser</a> to improve your experience.</p>
	<![endif]-->
	<div class="body">
		<div id="skiptocontent">
						<button onclick='location.href = "#maincontent";'  class="skip-link" accesskey="o" tabindex="1" aria-label="Přejít na hlavní obsah (klávesa o)">Hlavní obsah [o]</button>
			<button onclick='location.href = "#big-menu";'  class="skip-link" accesskey="n" tabindex="1" href="" aria-label="Přejít na navigaci (klávesa n)">Přejít na navigaci [n]</button>
			<button onclick='location.href = "#frm-suggester-suggester-phrase";'  class="skip-link" accesskey="v" tabindex="1" aria-label="Přejít na vyhledání (klávesa v)">Přejít na vyhledání [v]</button>

				<button class="skip-link blur-modal-overlay kosik-modal-open log-out-icon" tabindex="1" data-target="login-modal" aria-label="Přihlásit se (nejste přihlášen)">Přihlásit se</button>
		</div>

		<header>
			<div class="zone-wrapper zone-header-wrapper clearfix">
<div id="snippet-cookiesAgreementControl-bar">    <div class="region region-cookie-message">
        <div class="region-inner region-cookie-message-inner">
            <span>Cookies nám pomáhají poskytovat lepší služby. Používáním/zobrazováním stránky vyjadřujete souhlas s jejich používáním a uchováváním.</span>
            <a class="btn-info ajax" aria-label="Souhlasím s používáním a uchováváním cookies" href="/delikatesy?do=cookiesAgreementControl-agree">Souhlasím</a>
        </div>
    </div>
</div>				<div class="zone zone-header clearfix">
					<div class="region region-header">
						<div class="region-inner region-header-inner">
							<div class="block block-logo">
								<a class="header-logo" href="/">
									<img src="/css/images/logo.svg" alt="logo Kosik.cz">
								</a>
							</div>
<script>
    $(document).ready(function(){
        var timeout;

		$('.block-suggester-container').on('click',function(e){

			e.stopPropagation();

        });

        $('.block-suggester-container .suggester input[type=text]').keyup(function(){
            var self = $(this);

            if(timeout) clearTimeout(timeout);

            timeout = setTimeout(function(){
                $.nette.ajax({
                    url: "https:\/\/www.kosik.cz\/delikatesy?do=suggester-suggest",
                    data: {
                        phrase: self.val()
                    }
                })
            }, 300);


        });

    });

    function gaPush(self, cat)
    {
        dataLayer.push({
            'event': 'ga.pageview',
            'pagePath': '/hledat?q='+$('#frm-suggester-suggester-phrase').val()+'&cat='+cat,
            'pageTitle': 'Našeptávač'
        });

        window.location = self.href;
    }
</script>
<div class="block block-suggester-container" role="search">
    <div class="suggester">
        <form action="/delikatesy" method="post" id="frm-suggester-suggester" aria-label="vyhledávání na košíku">
            <input type="text" name="phrase" autocomplete="off" placeholder="Vyhledávání" id="frm-suggester-suggester-phrase">
            <input type="submit" name="_submit" value="Hledat" class="button-simple button-red">
        <input type="hidden" name="do" value="suggester-suggester-submit"><!--[if IE]><input type=IEbug disabled style="display:none"><![endif]-->
</form>

    </div>
<div id="snippet-suggester-suggestionResult"></div></div>
<script type="text/javascript" async>
    var ShoppingList = {
        toggle: function () {
            basic.toggleClass(document.getElementById('shopping-list-overlay'), 'active')
        }
    };

    basic.documentReady(function () {

        var textArea = document.getElementById('frm-shoppingList-listForm-queries');

        if (textArea)
            textArea.setAttribute('placeholder', 'Například: \n\nMléko \nChléb \nVejce \nMaso \nRajče \n\n\nPro zadání klikněte do pole')
    });

</script>
<div class="block block-shopping-list" id="shopping-list-overlay">
    <a id="shopping-list" class="shopping-list button-simple button-red" onclick="ShoppingList.toggle()">Nákupní lístek</a>

    <div class="shopping-list-detail">
        <h5>Nákupní lístek</h5>

        <p>Napište hledané položky a klikněte na HLEDAT</p>
        <form action="/delikatesy" method="post" id="frm-checklist-listForm">
        <textarea name="queries" placeholder="Například:&amp;#13;&amp;#10;" id="frm-checklist-listForm-queries">Chléb
Nízkotučný jogurt
Vejce
Hladká mouka</textarea>
            <div class="shopping-list-buttons">
                <a href="#" class="link-red" onclick="document.getElementById('frm-checklist-listForm').submit();">Uložit lístek</a>
                <a onclick="ShoppingList.toggle()" class="link-red">Skrýt lístek</a>
                <input type="submit" name="_submit" value="Hledat" class="button button-red">
            </div>
        <input type="hidden" name="do" value="checklist-listForm-submit"><!--[if IE]><input type=IEbug disabled style="display:none"><![endif]-->
</form>

    </div>
</div>
                        <div class="block block-user-session">

							<div class="user-session-group">
									<a class="log-icon log-out-icon blur-modal-overlay kosik-modal-open log-out-icon"
									   data-target="login-modal"
									   aria-label="Přihlásit se"
									   href="javascript:void(0)">
										<span><img src="/svg/log-out.svg"  title="Nepřihlášený uživatel"></span>
										Přihlásit
									</a>


							</div>

							</div>
							<script type="text/javascript">
								$(document).ready(function () {
									$('.block-user-session .button').click(function (event) {
										$('.block-user-session').toggleClass('open');
									});
								});
							</script>
						</div>
					</div>

					<div class="mobile-fixed-header" id="fixed-header">
						<span class="navigation-mobile only-mobile"></span>
						<span class="suggester-mobile-switcher icon-search"></span>
<div class="region region-nav-special" role="navigation">
    <div class="region-inner region-nav-special-inner">
        <ul>
            <li><a href="/produkty-v-akci" data-href="true" >
                    <img src="/svg/action.svg" aria-hidden="true" alt="akce">
                    <span class="item-name-desktop">Akce</span>
                </a></li>
            <li><a href="/vyprodej" data-href="true">
                    <img src="/svg/sale.svg" aria-hidden="true" alt="výprodej">
                    <span class="item-name-desktop">Výprodej</span>
                </a></li>
                        <li></li>
            <li><a href="/recepty" data-href="true">
                    <img src="/svg/recipes.svg" aria-hidden="true" alt="recepty">
                    <span class="item-name-desktop">Recepty</span>
                </a></li>
            <li><a href="https://blog.kosik.cz" data-href="true" target="_blank">
                    <img src="/svg/blog.svg" aria-hidden="true" alt="blog">
                    <span class="item-name-desktop">Blog</span>
                </a></li>
            <li><a href="/delikatesy">
                    <img src="/svg/deli.svg" aria-hidden="true" alt="delikatesy">
                    <span class="item-name-desktop">Delikatesy</span>
                </a></li>
            <li><a href="/hotova-jidla">
                    <img src="/svg/ready-made-meal.svg" aria-hidden="true" alt="hotová jídla">
                    <span class="item-name-desktop">Hotová jídla</span>
                </a></li>
            <li><a class="christmas-link" href="/#christmas-inspiration">
                    <img src="/svg/vanoce.svg" aria-hidden="true" alt="Vánoce">
                    <span class="item-name-desktop">Vánoce</span>
                </a></li>
            <li><a href="/poctive-piti">
                    <img src="/svg/honest-drinks.svg" aria-hidden="true" alt="poctivé pití">
                    <span class="item-name-desktop">Poctivé pití</span>
                </a></li>
        </ul>
    </div>
</div>

<div class="region region-navigation" id="big-menu" role="navigation">
    <div class="region-inner region-navigation-inner">
        <span class="navigation-mobile"></span>
        <script>
            $(document).ready(function () {
                $('.region-navigation ul > li.sub').hover(function () {
                    var isOpen = $(this).data().open;

                    if (!isOpen) {
                        var images = $(this).find('img');

                        images.each(function (index, element) {
                            $(element).attr('src', $(element).data().src);
                        });

                        $(this).data().open = true;
                    }
                });
            });
        </script>

        <ul>
                <li class="login-modal-controls  mobile-small-nav-show">
                    <a class="log-in blur-modal-overlay kosik-modal-open" data-target="login-modal" id="signup-open">
                        Registrovat
                    </a>
                    <a class="log-in blur-modal-overlay kosik-modal-open" data-target="login-modal" id="signin-open">
                        Přihlásit
                    </a>
                </li>
                <li class="facebook-nav  mobile-small-nav-show">
<a class="button button-facebook" data-href="true" href="/delikatesy?do=menu-facebook-fbLogin-open">Facebook přihlášení</a>                </li>


                        <div class="menu-nav-icons mobile-small-nav-show">

                <div class="ico-text-group">
                    <a class="ico-text-group-link" href="/produkty-v-akci" data-href="true">
                        <span class="item-name">Akce</span>
                        <img src="/svg/action.svg" aria-hidden="true" alt="akce">
                    </a>
                </div>


                <div class="ico-text-group">
                    <a class="ico-text-group-link" href="/vyprodej" data-href="true">
                        <span class="item-name">Výprodej</span>
                        <img src="/svg/sale.svg" aria-hidden="true" alt="výprodej">
                    </a>
                </div>


                
                <div class="ico-text-group">
                    <a class="ico-text-group-link" href="/recepty" data-href="true">
                        <span class="item-name">Recepty</span>
                        <img src="/svg/recipes.svg" aria-hidden="true" alt="recepty">
                    </a>
                </div>

               <div class="ico-text-group">
                    <a class="ico-text-group-link" href="https://blog.kosik.cz" data-href="true" target="_blank">
                        <span class="item-name">Blog</span>
                        <img src="/svg/blog.svg" aria-hidden="true" alt="blog">
                    </a>
                </div>

                <div class="ico-text-group">
                    <a class="ico-text-group-link" href="/delikatesy" data-href="true">
                        <span class="item-name">Delikatesy</span>
                        <img src="/svg/deli.svg" aria-hidden="true" alt="delikatesy">
                    </a>
                </div>

                <div class="ico-text-group">
                    <a class="ico-text-group-link" href="/hotova-jidla" data-href="true">
                        <span class="item-name">Hotová jídla</span>
                        <img src="/svg/ready-made-meal.svg" aria-hidden="true" alt="hotová jídla">
                    </a>
                </div>

                <div class="ico-text-group">
                    <a class="ico-text-group-link christmas-link" href="/#christmas-inspiration" data-href="true" >
                        <span class="item-name">Vánoce</span>
                        <img src="/svg/vanoce.svg" aria-hidden="true" alt="Vánoce">
                    </a>
                </div>

                <div class="ico-text-group">
                    <a class="ico-text-group-link" href="/poctive-piti" data-href="true" >
                        <span class="item-name">Poctivé pití</span>
                        <img src="/svg/honest-drinks.svg" aria-hidden="true" alt="Poctivé pití">
                    </a>
                </div>
            </div>

                <li class="sub with-children"
                    data-open="false">
                    <a href="/mlecne-a-chlazene">
                        Mléčné a chlazené
                    </a>
                        <span class="category-toggle-sub mobile-small-nav-show"
                              onclick="this.parentNode.classList.toggle('open')">
							<i class="fa fa-angle-down" aria-hidden="true"></i>
						</span>
                    <div class="block block-droped-category">
                        <div class="block-droped-category-inner">
                            <div class="category-product-list">

                                                                <div class="product-type">
                                    <a href="/mlecne-a-chlazene/mlecne-vyrobky-vejce" class="product-type-image">
                                        <img data-src="https://cdn.kosik.cz/content/category/svg/menu/908.svg" alt="Mléčné výrobky, vejce">
                                    </a>
                                    <h3>
                                        <a class="children" href="/mlecne-a-chlazene/mlecne-vyrobky-vejce">
                                            Mléčné výrobky, vejce
                                        </a>
                                    </h3>

                                                                        <div class="categories-container">

                                                <a href="/mlecne-a-chlazene/mlecne-vyrobky-vejce/bio-mlecne-vyrobky">
                                                    Bio mléčné výrobky,
                                                </a>

                                                <a href="/mlecne-a-chlazene/mlecne-vyrobky-vejce/drozdi">
                                                    Droždí,
                                                </a>

                                                <a href="/mlecne-a-chlazene/mlecne-vyrobky-vejce/mleko">
                                                    Mléko,
                                                </a>


                                                <a href="/mlecne-a-chlazene/mlecne-vyrobky-vejce/smetany-a-alternativy">
                                                    Smetany a alternativy,
                                                </a>

                                                <a href="/mlecne-a-chlazene/mlecne-vyrobky-vejce/jogurty">
                                                    Jogurty,
                                                </a>







                                        <a href="/mlecne-a-chlazene/mlecne-vyrobky-vejce">...</a>
                                    </div>
                                </div>
                                <div class="product-type">
                                    <a href="/mlecne-a-chlazene/syry" class="product-type-image">
                                        <img data-src="https://cdn.kosik.cz/content/category/svg/menu/936.svg" alt="Sýry">
                                    </a>
                                    <h3>
                                        <a class="children" href="/mlecne-a-chlazene/syry">
                                            Sýry
                                        </a>
                                    </h3>

                                                                        <div class="categories-container">

                                                <a href="/mlecne-a-chlazene/syry/platkove">
                                                    Plátkové,
                                                </a>

                                                <a href="/mlecne-a-chlazene/syry/blocky">
                                                    Bločky,
                                                </a>

                                                <a href="/mlecne-a-chlazene/syry/strouhane">
                                                    Strouhané,
                                                </a>

                                                <a href="/mlecne-a-chlazene/syry/cottage-a-cerstve">
                                                    Cottage a čerstvé,
                                                </a>



                                                <a href="/mlecne-a-chlazene/syry/termizovane">
                                                    Termizované,
                                                </a>









                                        <a href="/mlecne-a-chlazene/syry">...</a>
                                    </div>
                                </div>
                                <div class="product-type">
                                    <a href="/mlecne-a-chlazene/upraveny-obsah-laktozy" class="product-type-image">
                                        <img data-src="https://cdn.kosik.cz/content/category/svg/menu/1703.svg" alt="Upravený obsah laktózy">
                                    </a>
                                    <h3>
                                        <a class="children" href="/mlecne-a-chlazene/upraveny-obsah-laktozy">
                                            Upravený obsah laktózy
                                        </a>
                                    </h3>

                                                                        <div class="categories-container">


                                                <a href="/mlecne-a-chlazene/upraveny-obsah-laktozy/bez-laktozy">
                                                    Bez laktózy,
                                                </a>
                                        <a href="/mlecne-a-chlazene/upraveny-obsah-laktozy">...</a>
                                    </div>
                                </div>
                                <div class="product-type">
                                    <a href="/mlecne-a-chlazene/maslo-margariny-tuky" class="product-type-image">
                                        <img data-src="https://cdn.kosik.cz/content/category/svg/menu/902.svg" alt="Máslo, margaríny, tuky">
                                    </a>
                                    <h3>
                                        <a class="children" href="/mlecne-a-chlazene/maslo-margariny-tuky">
                                            Máslo, margaríny, tuky
                                        </a>
                                    </h3>

                                                                        <div class="categories-container">

                                                <a href="/mlecne-a-chlazene/maslo-margariny-tuky/margariny">
                                                    Margaríny,
                                                </a>

                                                <a href="/mlecne-a-chlazene/maslo-margariny-tuky/maslo">
                                                    Máslo,
                                                </a>


                                                <a href="/mlecne-a-chlazene/maslo-margariny-tuky/sadlo">
                                                    Sádlo,
                                                </a>

                                        <a href="/mlecne-a-chlazene/maslo-margariny-tuky">...</a>
                                    </div>
                                </div>
                                <div class="product-type">
                                    <a href="/mlecne-a-chlazene/majonezy-tatarky-a-dresingy" class="product-type-image">
                                        <img data-src="https://cdn.kosik.cz/content/category/svg/menu/899.svg" alt="Majonézy, tatarky a dresingy">
                                    </a>
                                    <h3>
                                        <a class="children" href="/mlecne-a-chlazene/majonezy-tatarky-a-dresingy">
                                            Majonézy, tatarky a dresingy
                                        </a>
                                    </h3>

                                                                        <div class="categories-container">

                                                <a href="/mlecne-a-chlazene/majonezy-tatarky-a-dresingy/dresingy">
                                                    Dresingy,
                                                </a>

                                        <a href="/mlecne-a-chlazene/majonezy-tatarky-a-dresingy">...</a>
                                    </div>
                                </div>
                            </div>
                        </div>
                    </div>
                </li>
                <li class="sub with-children"
                    data-open="false">
                    <a href="/maso-a-ryby">
                        Maso a ryby
                    </a>
                        <span class="category-toggle-sub mobile-small-nav-show"
                              onclick="this.parentNode.classList.toggle('open')">
							<i class="fa fa-angle-down" aria-hidden="true"></i>
						</span>
                    <div class="block block-droped-category">
                        <div class="block-droped-category-inner">
                            <div class="category-product-list">

                                                                <div class="product-type">
                                    <a href="/maso-a-ryby/jehneci" class="product-type-image">
                                        <img data-src="https://cdn.kosik.cz/content/category/svg/menu/973.svg" alt="Jehněčí">
                                    </a>
                                    <h3>
                                        <a class="children" href="/maso-a-ryby/jehneci">
                                            Jehněčí
                                        </a>
                                    </h3>

                                                                        <div class="categories-container">

                                                <a href="/maso-a-ryby/jehneci/bio">
                                                    Bio,
                                                </a>

                                                <a href="/maso-a-ryby/jehneci/s-kosti">
                                                    S kostí,
                                                </a>

                                                <a href="/maso-a-ryby/jehneci/mlete">
                                                    Mleté,
                                                </a>
                                        <a href="/maso-a-ryby/jehneci">...</a>
                                    </div>
                                </div>
                                <div class="product-type">
                                    <a href="/maso-a-ryby/mlete-maso" class="product-type-image">
                                        <img data-src="https://cdn.kosik.cz/content/category/svg/menu/974.svg" alt="Mleté maso">
                                    </a>
                                    <h3>
                                        <a class="children" href="/maso-a-ryby/mlete-maso">
                                            Mleté maso
                                        </a>
                                    </h3>

                                                                        <div class="categories-container">

                                                <a href="/maso-a-ryby/mlete-maso/hovezi">
                                                    Hovězí,
                                                </a>

                                                <a href="/maso-a-ryby/mlete-maso/veprove">
                                                    Vepřové,
                                                </a>

                                                <a href="/maso-a-ryby/mlete-maso/jehneci">
                                                    Jehněčí,
                                                </a>

                                                <a href="/maso-a-ryby/mlete-maso/michane-mix">
                                                    Míchané (mix),
                                                </a>

                                                <a href="/maso-a-ryby/mlete-maso/drubezi">
                                                    Drůbeží,
                                                </a>
                                        <a href="/maso-a-ryby/mlete-maso">...</a>
                                    </div>
                                </div>
                                <div class="product-type">
                                    <a href="/maso-a-ryby/farmarske-a-specialni" class="product-type-image">
                                        <img data-src="https://cdn.kosik.cz/content/category/svg/menu/1858.svg" alt="Farmářské a speciální">
                                    </a>
                                    <h3>
                                        <a class="children" href="/maso-a-ryby/farmarske-a-specialni">
                                            Farmářské a speciální
                                        </a>
                                    </h3>

                                                                        <div class="categories-container">

                                                <a href="/maso-a-ryby/farmarske-a-specialni/farmarska-drubez">
                                                    Farmářská Drůbež,
                                                </a>

                                                <a href="/maso-a-ryby/farmarske-a-specialni/francouzska-drubez">
                                                    Francouzská drůbež,
                                                </a>
                                        <a href="/maso-a-ryby/farmarske-a-specialni">...</a>
                                    </div>
                                </div>
                                <div class="product-type">
                                    <a href="/maso-a-ryby/masa-na-grilovani-a-steaky" class="product-type-image">
                                        <img data-src="https://cdn.kosik.cz/content/category/svg/menu/1859.svg" alt="Masa na grilování a steaky">
                                    </a>
                                    <h3>
                                        <a class="children" href="/maso-a-ryby/masa-na-grilovani-a-steaky">
                                            Masa na grilování a steaky
                                        </a>
                                    </h3>

                                                                        <div class="categories-container">

                                                <a href="/maso-a-ryby/masa-na-grilovani-a-steaky/vyzrala-masa">
                                                    Vyzrálá masa,
                                                </a>

                                                <a href="/maso-a-ryby/masa-na-grilovani-a-steaky/masa-na-grilovani">
                                                    Masa na grilování,
                                                </a>

                                                <a href="/maso-a-ryby/masa-na-grilovani-a-steaky/masa-na-medailonky">
                                                    Masa na medailonky,
                                                </a>
                                        <a href="/maso-a-ryby/masa-na-grilovani-a-steaky">...</a>
                                    </div>
                                </div>
                                <div class="product-type">
                                    <a href="/maso-a-ryby/snadne-vareni-a-polotovary" class="product-type-image">
                                        <img data-src="https://cdn.kosik.cz/content/category/svg/menu/1860.svg" alt="Snadné vaření a polotovary">
                                    </a>
                                    <h3>
                                        <a class="children" href="/maso-a-ryby/snadne-vareni-a-polotovary">
                                            Snadné vaření a polotovary
                                        </a>
                                    </h3>

                                                                        <div class="categories-container">

                                                <a href="/maso-a-ryby/snadne-vareni-a-polotovary/sous-vide">
                                                    Sous vide,
                                                </a>

                                                <a href="/maso-a-ryby/snadne-vareni-a-polotovary/burgery">
                                                    Burgery,
                                                </a>

                                                <a href="/maso-a-ryby/snadne-vareni-a-polotovary/klobasy">
                                                    Klobásy,
                                                </a>

                                                <a href="/maso-a-ryby/snadne-vareni-a-polotovary/vyvary">
                                                    Vývary,
                                                </a>

                                                <a href="/maso-a-ryby/snadne-vareni-a-polotovary/masne-polotovary">
                                                    Masné Polotovary,
                                                </a>
                                        <a href="/maso-a-ryby/snadne-vareni-a-polotovary">...</a>
                                    </div>
                                </div>
                                <div class="product-type">
                                    <a href="/maso-a-ryby/drubez" class="product-type-image">
                                        <img data-src="https://cdn.kosik.cz/content/category/svg/menu/961.svg" alt="Drůbež">
                                    </a>
                                    <h3>
                                        <a class="children" href="/maso-a-ryby/drubez">
                                            Drůbež
                                        </a>
                                    </h3>

                                                                        <div class="categories-container">

                                                <a href="/maso-a-ryby/drubez/bio">
                                                    Bio,
                                                </a>

                                                <a href="/maso-a-ryby/drubez/kachna-husa">
                                                    Kachna, husa,
                                                </a>

                                                <a href="/maso-a-ryby/drubez/droby">
                                                    Droby,
                                                </a>

                                                <a href="/maso-a-ryby/drubez/mlete">
                                                    Mleté,
                                                </a>

                                                <a href="/maso-a-ryby/drubez/specialni">
                                                    Speciální,
                                                </a>

                                                <a href="/maso-a-ryby/drubez/na-polevku">
                                                    Na polévku,
                                                </a>

                                                <a href="/maso-a-ryby/drubez/rodinne-baleni">
                                                    Rodinné balení,
                                                </a>





                                        <a href="/maso-a-ryby/drubez">...</a>
                                    </div>
                                </div>
                                <div class="product-type">
                                    <a href="/maso-a-ryby/hovezi" class="product-type-image">
                                        <img data-src="https://cdn.kosik.cz/content/category/svg/menu/967.svg" alt="Hovězí">
                                    </a>
                                    <h3>
                                        <a class="children" href="/maso-a-ryby/hovezi">
                                            Hovězí
                                        </a>
                                    </h3>

                                                                        <div class="categories-container">

                                                <a href="/maso-a-ryby/hovezi/mlete">
                                                    Mleté,
                                                </a>

                                                <a href="/maso-a-ryby/hovezi/na-polevku">
                                                    Na polévku,
                                                </a>

                                                <a href="/maso-a-ryby/hovezi/rodinne-baleni">
                                                    Rodinné balení,
                                                </a>

                                                <a href="/maso-a-ryby/hovezi/jalovice-krava">
                                                    Jalovice, kráva,
                                                </a>

                                                <a href="/maso-a-ryby/hovezi/mlady-byk">
                                                    Mladý býk,
                                                </a>


                                                <a href="/maso-a-ryby/hovezi/bio">
                                                    Bio,
                                                </a>

                                        <a href="/maso-a-ryby/hovezi">...</a>
                                    </div>
                                </div>
                                <div class="product-type">
                                    <a href="/maso-a-ryby/veprove" class="product-type-image">
                                        <img data-src="https://cdn.kosik.cz/content/category/svg/menu/980.svg" alt="Vepřové">
                                    </a>
                                    <h3>
                                        <a class="children" href="/maso-a-ryby/veprove">
                                            Vepřové
                                        </a>
                                    </h3>

                                                                        <div class="categories-container">

                                                <a href="/maso-a-ryby/veprove/v-celku">
                                                    V celku,
                                                </a>

                                                <a href="/maso-a-ryby/veprove/krajene">
                                                    Krájené,
                                                </a>

                                                <a href="/maso-a-ryby/veprove/droby">
                                                    Droby,
                                                </a>

                                                <a href="/maso-a-ryby/veprove/mlete">
                                                    Mleté,
                                                </a>

                                                <a href="/maso-a-ryby/veprove/uzene">
                                                    Uzené,
                                                </a>

                                                <a href="/maso-a-ryby/veprove/slaniny">
                                                    Slaniny,
                                                </a>

                                                <a href="/maso-a-ryby/veprove/rodinne-baleni">
                                                    Rodinné balení,
                                                </a>
                                        <a href="/maso-a-ryby/veprove">...</a>
                                    </div>
                                </div>
                                <div class="product-type">
                                    <a href="/maso-a-ryby/ryby" class="product-type-image">
                                        <img data-src="https://cdn.kosik.cz/content/category/svg/menu/975.svg" alt="Ryby">
                                    </a>
                                    <h3>
                                        <a class="children" href="/maso-a-ryby/ryby">
                                            Ryby
                                        </a>
                                    </h3>

                                                                        <div class="categories-container">

                                                <a href="/maso-a-ryby/ryby/cele-ryby">
                                                    Celé ryby,
                                                </a>

                                                <a href="/maso-a-ryby/ryby/filety">
                                                    Filety,
                                                </a>

                                                <a href="/maso-a-ryby/ryby/ceske-ryby">
                                                    České ryby,
                                                </a>

                                                <a href="/maso-a-ryby/ryby/morske">
                                                    Mořské,
                                                </a>

                                                <a href="/maso-a-ryby/ryby/sladkovodni">
                                                    Sladkovodní,
                                                </a>

                                                <a href="/maso-a-ryby/ryby/uzene">
                                                    Uzené,
                                                </a>

                                        <a href="/maso-a-ryby/ryby">...</a>
                                    </div>
                                </div>
                                <div class="product-type">
                                    <a href="/maso-a-ryby/zverina" class="product-type-image">
                                        <img data-src="https://cdn.kosik.cz/content/category/svg/menu/982.svg" alt="Zvěřina">
                                    </a>
                                    <h3>
                                        <a class="children" href="/maso-a-ryby/zverina">
                                            Zvěřina
                                        </a>
                                    </h3>

                                                                        <div class="categories-container">

                                                <a href="/maso-a-ryby/zverina/vysoka">
                                                    Vysoká,
                                                </a>

                                                <a href="/maso-a-ryby/zverina/cerna">
                                                    Černá,
                                                </a>
                                        <a href="/maso-a-ryby/zverina">...</a>
                                    </div>
                                </div>
                                <div class="product-type">
                                    <a href="/maso-a-ryby/bio" class="product-type-image">
                                        <img data-src="https://cdn.kosik.cz/content/category/svg/menu/981.svg" alt="Bio">
                                    </a>
                                    <h3>
                                        <a class="children" href="/maso-a-ryby/bio">
                                            Bio
                                        </a>
                                    </h3>

                                                                        <div class="categories-container">

                                                <a href="/maso-a-ryby/bio/hovezi">
                                                    Hovězí,
                                                </a>

                                                <a href="/maso-a-ryby/bio/drubezi">
                                                    Drůbeží,
                                                </a>

                                                <a href="/maso-a-ryby/bio/jehneci">
                                                    Jehněčí,
                                                </a>
                                        <a href="/maso-a-ryby/bio">...</a>
                                    </div>
                                </div>
                                <div class="product-type">
                                    <a href="/maso-a-ryby/susene-maso" class="product-type-image">
                                        <img data-src="https://cdn.kosik.cz/content/category/svg/menu/984.svg" alt="Sušené maso">
                                    </a>
                                    <h3>
                                        <a class="children" href="/maso-a-ryby/susene-maso">
                                            Sušené maso
                                        </a>
                                    </h3>

                                                                        <div class="categories-container">

                                                <a href="/maso-a-ryby/susene-maso/hovezi">
                                                    Hovězí,
                                                </a>

                                                <a href="/maso-a-ryby/susene-maso/veprove">
                                                    Vepřové,
                                                </a>

                                                <a href="/maso-a-ryby/susene-maso/drubezi">
                                                    Drůbeží,
                                                </a>

                                                <a href="/maso-a-ryby/susene-maso/ostatni">
                                                    Ostatní,
                                                </a>
                                        <a href="/maso-a-ryby/susene-maso">...</a>
                                    </div>
                                </div>
                            </div>
                        </div>
                    </div>
                </li>
                <li class="sub with-children"
                    data-open="false">
                    <a href="/ovoce-a-zelenina">
                        Ovoce a zelenina
                    </a>
                        <span class="category-toggle-sub mobile-small-nav-show"
                              onclick="this.parentNode.classList.toggle('open')">
							<i class="fa fa-angle-down" aria-hidden="true"></i>
						</span>
                    <div class="block block-droped-category">
                        <div class="block-droped-category-inner">
                            <div class="category-product-list">

                                                                <div class="product-type">
                                    <a href="/ovoce-a-zelenina/susene-orechy-a-semena" class="product-type-image">
                                        <img data-src="https://cdn.kosik.cz/content/category/svg/menu/1003.svg" alt="Sušené ořechy a semena">
                                    </a>
                                    <h3>
                                        <a class="children" href="/ovoce-a-zelenina/susene-orechy-a-semena">
                                            Sušené ořechy a semena
                                        </a>
                                    </h3>

                                                                        <div class="categories-container">

                                                <a href="/ovoce-a-zelenina/susene-orechy-a-semena/orechy">
                                                    Ořechy,
                                                </a>

                                                <a href="/ovoce-a-zelenina/susene-orechy-a-semena/semena">
                                                    Semena,
                                                </a>
                                        <a href="/ovoce-a-zelenina/susene-orechy-a-semena">...</a>
                                    </div>
                                </div>
                                <div class="product-type">
                                    <a href="/ovoce-a-zelenina/cerstve-stavy" class="product-type-image">
                                        <img data-src="https://cdn.kosik.cz/content/category/svg/menu/1756.svg" alt="Čerstvé šťávy">
                                    </a>
                                    <h3>
                                        <a class="children" href="/ovoce-a-zelenina/cerstve-stavy">
                                            Čerstvé šťávy
                                        </a>
                                    </h3>

                                                                    </div>
                                <div class="product-type">
                                    <a href="/ovoce-a-zelenina/ovoce" class="product-type-image">
                                        <img data-src="https://cdn.kosik.cz/content/category/svg/menu/993.svg" alt="Ovoce">
                                    </a>
                                    <h3>
                                        <a class="children" href="/ovoce-a-zelenina/ovoce">
                                            Ovoce
                                        </a>
                                    </h3>

                                                                        <div class="categories-container">

                                                <a href="/ovoce-a-zelenina/ovoce/jablka-a-hrusky">
                                                    Jablka a hrušky,
                                                </a>


                                                <a href="/ovoce-a-zelenina/ovoce/citrusy">
                                                    Citrusy,
                                                </a>

                                                <a href="/ovoce-a-zelenina/ovoce/hrozny-a-melouny">
                                                    Hrozny a melouny,
                                                </a>

                                                <a href="/ovoce-a-zelenina/ovoce/jahody-a-lesni-plody">
                                                    Jahody a lesní plody,
                                                </a>

                                        <a href="/ovoce-a-zelenina/ovoce">...</a>
                                    </div>
                                </div>
                                <div class="product-type">
                                    <a href="/ovoce-a-zelenina/zelenina" class="product-type-image">
                                        <img data-src="https://cdn.kosik.cz/content/category/svg/menu/1013.svg" alt="Zelenina">
                                    </a>
                                    <h3>
                                        <a class="children" href="/ovoce-a-zelenina/zelenina">
                                            Zelenina
                                        </a>
                                    </h3>

                                                                        <div class="categories-container">

                                                <a href="/ovoce-a-zelenina/zelenina/brambory">
                                                    Brambory,
                                                </a>

                                                <a href="/ovoce-a-zelenina/zelenina/cibule-a-cesnek">
                                                    Cibule a česnek,
                                                </a>

                                                <a href="/ovoce-a-zelenina/zelenina/korenova-zelenina">
                                                    Kořenová zelenina,
                                                </a>


                                                <a href="/ovoce-a-zelenina/zelenina/okurky-a-salaty">
                                                    Okurky a saláty,
                                                </a>





                                                <a href="/ovoce-a-zelenina/zelenina/houby">
                                                    Houby,
                                                </a>


                                        <a href="/ovoce-a-zelenina/zelenina">...</a>
                                    </div>
                                </div>
                                <div class="product-type">
                                    <a href="/ovoce-a-zelenina/bylinky" class="product-type-image">
                                        <img data-src="https://cdn.kosik.cz/content/category/svg/menu/989.svg" alt="Bylinky">
                                    </a>
                                    <h3>
                                        <a class="children" href="/ovoce-a-zelenina/bylinky">
                                            Bylinky
                                        </a>
                                    </h3>

                                                                        <div class="categories-container">

                                                <a href="/ovoce-a-zelenina/bylinky/bylinky-v-kvetinaci">
                                                    Bylinky v květináči,
                                                </a>

                                                <a href="/ovoce-a-zelenina/bylinky/rezane-bylinky">
                                                    Řezané bylinky,
                                                </a>
                                        <a href="/ovoce-a-zelenina/bylinky">...</a>
                                    </div>
                                </div>
                                <div class="product-type">
                                    <a href="/ovoce-a-zelenina/salaty" class="product-type-image">
                                        <img data-src="https://cdn.kosik.cz/content/category/svg/menu/1000.svg" alt="Saláty">
                                    </a>
                                    <h3>
                                        <a class="children" href="/ovoce-a-zelenina/salaty">
                                            Saláty
                                        </a>
                                    </h3>

                                                                        <div class="categories-container">

                                                <a href="/ovoce-a-zelenina/salaty/ovocne-salaty">
                                                    Ovocné saláty,
                                                </a>

                                                <a href="/ovoce-a-zelenina/salaty/zeleninove-salaty">
                                                    Zeleninové saláty,
                                                </a>
                                        <a href="/ovoce-a-zelenina/salaty">...</a>
                                    </div>
                                </div>
                                <div class="product-type">
                                    <a href="/ovoce-a-zelenina/susene-ovoce-smesi-a-houby" class="product-type-image">
                                        <img data-src="https://cdn.kosik.cz/content/category/svg/menu/1008.svg" alt="Sušené ovoce, směsi a houby">
                                    </a>
                                    <h3>
                                        <a class="children" href="/ovoce-a-zelenina/susene-ovoce-smesi-a-houby">
                                            Sušené ovoce, směsi a houby
                                        </a>
                                    </h3>

                                                                        <div class="categories-container">

                                                <a href="/ovoce-a-zelenina/susene-ovoce-smesi-a-houby/susene-ovoce">
                                                    Sušené ovoce,
                                                </a>

                                                <a href="/ovoce-a-zelenina/susene-ovoce-smesi-a-houby/susene-houby">
                                                    Sušené houby,
                                                </a>
                                        <a href="/ovoce-a-zelenina/susene-ovoce-smesi-a-houby">...</a>
                                    </div>
                                </div>
                                <div class="product-type">
                                    <a href="/ovoce-a-zelenina/bio" class="product-type-image">
                                        <img data-src="https://cdn.kosik.cz/content/category/svg/menu/986.svg" alt="Bio">
                                    </a>
                                    <h3>
                                        <a class="children" href="/ovoce-a-zelenina/bio">
                                            Bio
                                        </a>
                                    </h3>

                                                                        <div class="categories-container">

                                                <a href="/ovoce-a-zelenina/bio/bio-ovoce">
                                                    Bio ovoce,
                                                </a>

                                                <a href="/ovoce-a-zelenina/bio/bio-zelenina">
                                                    Bio zelenina,
                                                </a>
                                        <a href="/ovoce-a-zelenina/bio">...</a>
                                    </div>
                                </div>
                            </div>
                        </div>
                    </div>
                </li>
                <li class="sub with-children"
                    data-open="false">
                    <a href="/pecivo">
                        Pečivo
                    </a>
                        <span class="category-toggle-sub mobile-small-nav-show"
                              onclick="this.parentNode.classList.toggle('open')">
							<i class="fa fa-angle-down" aria-hidden="true"></i>
						</span>
                    <div class="block block-droped-category">
                        <div class="block-droped-category-inner">
                            <div class="category-product-list">

                                                                <div class="product-type">
                                    <a href="/pecivo/dorty-a-zakusky" class="product-type-image">
                                        <img data-src="https://cdn.kosik.cz/content/category/svg/menu/1033.svg" alt="Dorty a zákusky">
                                    </a>
                                    <h3>
                                        <a class="children" href="/pecivo/dorty-a-zakusky">
                                            Dorty a zákusky
                                        </a>
                                    </h3>

                                                                    </div>
                                <div class="product-type">
                                    <a href="/pecivo/bezne" class="product-type-image">
                                        <img data-src="https://cdn.kosik.cz/content/category/svg/menu/1028.svg" alt="Běžné">
                                    </a>
                                    <h3>
                                        <a class="children" href="/pecivo/bezne">
                                            Běžné
                                        </a>
                                    </h3>

                                                                        <div class="categories-container">

                                                <a href="/pecivo/bezne/balene-pecivo">
                                                    Balené pečivo,
                                                </a>

                                                <a href="/pecivo/bezne/svetle-pecivo">
                                                    Světlé pečivo,
                                                </a>

                                                <a href="/pecivo/bezne/slane-pecivo">
                                                    Slané pečivo,
                                                </a>

                                        <a href="/pecivo/bezne">...</a>
                                    </div>
                                </div>
                                <div class="product-type">
                                    <a href="/pecivo/chleb" class="product-type-image">
                                        <img data-src="https://cdn.kosik.cz/content/category/svg/menu/1034.svg" alt="Chléb">
                                    </a>
                                    <h3>
                                        <a class="children" href="/pecivo/chleb">
                                            Chléb
                                        </a>
                                    </h3>

                                                                        <div class="categories-container">

                                                <a href="/pecivo/chleb/chleb-baleny">
                                                    Chléb balený,
                                                </a>

                                                <a href="/pecivo/chleb/chleb-volny">
                                                    Chléb volný,
                                                </a>
                                        <a href="/pecivo/chleb">...</a>
                                    </div>
                                </div>
                                <div class="product-type">
                                    <a href="/pecivo/sladke" class="product-type-image">
                                        <img data-src="https://cdn.kosik.cz/content/category/svg/menu/1042.svg" alt="Sladké">
                                    </a>
                                    <h3>
                                        <a class="children" href="/pecivo/sladke">
                                            Sladké
                                        </a>
                                    </h3>

                                                                        <div class="categories-container">

                                                <a href="/pecivo/sladke/sladke-pecivo-balene">
                                                    Sladké pečivo balené,
                                                </a>

                                                <a href="/pecivo/sladke/sladke-pecivo-volne">
                                                    Sladké pečivo volné,
                                                </a>
                                        <a href="/pecivo/sladke">...</a>
                                    </div>
                                </div>
                                <div class="product-type">
                                    <a href="/pecivo/trvanlive-pecivo" class="product-type-image">
                                        <img data-src="https://cdn.kosik.cz/content/category/svg/menu/1045.svg" alt="Trvanlivé pečivo">
                                    </a>
                                    <h3>
                                        <a class="children" href="/pecivo/trvanlive-pecivo">
                                            Trvanlivé pečivo
                                        </a>
                                    </h3>

                                                                    </div>
                                <div class="product-type">
                                    <a href="/pecivo/bezlepkove-pecivo" class="product-type-image">
                                        <img data-src="https://cdn.kosik.cz/content/category/svg/menu/1027.svg" alt="Bezlepkové pečivo">
                                    </a>
                                    <h3>
                                        <a class="children" href="/pecivo/bezlepkove-pecivo">
                                            Bezlepkové pečivo
                                        </a>
                                    </h3>

                                                                    </div>
                            </div>
                        </div>
                    </div>
                </li>
                <li class="sub with-children"
                    data-open="false">
                    <a href="/uzeniny-a-lahudky">
                        Uzeniny a lahůdky
                    </a>
                        <span class="category-toggle-sub mobile-small-nav-show"
                              onclick="this.parentNode.classList.toggle('open')">
							<i class="fa fa-angle-down" aria-hidden="true"></i>
						</span>
                    <div class="block block-droped-category">
                        <div class="block-droped-category-inner">
                            <div class="category-product-list">

                                                                <div class="product-type">
                                    <a href="/uzeniny-a-lahudky/uzeniny" class="product-type-image">
                                        <img data-src="https://cdn.kosik.cz/content/category/svg/menu/1047.svg" alt="Uzeniny">
                                    </a>
                                    <h3>
                                        <a class="children" href="/uzeniny-a-lahudky/uzeniny">
                                            Uzeniny
                                        </a>
                                    </h3>

                                                                        <div class="categories-container">

                                                <a href="/uzeniny-a-lahudky/uzeniny/sunky">
                                                    Šunky,
                                                </a>

                                                <a href="/uzeniny-a-lahudky/uzeniny/salamy">
                                                    Salámy,
                                                </a>

                                                <a href="/uzeniny-a-lahudky/uzeniny/parky-a-spekacky">
                                                    Párky a špekáčky,
                                                </a>

                                                <a href="/uzeniny-a-lahudky/uzeniny/klobasy">
                                                    Klobásy,
                                                </a>

                                                <a href="/uzeniny-a-lahudky/uzeniny/uzena-masa">
                                                    Uzená  masa,
                                                </a>





                                        <a href="/uzeniny-a-lahudky/uzeniny">...</a>
                                    </div>
                                </div>
                                <div class="product-type">
                                    <a href="/uzeniny-a-lahudky/lahudky" class="product-type-image">
                                        <img data-src="https://cdn.kosik.cz/content/category/svg/menu/1062.svg" alt="Lahůdky">
                                    </a>
                                    <h3>
                                        <a class="children" href="/uzeniny-a-lahudky/lahudky">
                                            Lahůdky
                                        </a>
                                    </h3>

                                                                        <div class="categories-container">

                                                <a href="/uzeniny-a-lahudky/lahudky/hotova-jidla">
                                                    Hotová jídla,
                                                </a>

                                                <a href="/uzeniny-a-lahudky/lahudky/hotova-testa">
                                                    Hotová těsta,
                                                </a>


                                                <a href="/uzeniny-a-lahudky/lahudky/chlazene-pastiky">
                                                    Chlazené paštiky,
                                                </a>


                                                <a href="/uzeniny-a-lahudky/lahudky/rybi-speciality">
                                                    Rybí speciality,
                                                </a>



                                        <a href="/uzeniny-a-lahudky/lahudky">...</a>
                                    </div>
                                </div>
                            </div>
                        </div>
                    </div>
                </li>
                <li class="sub with-children"
                    data-open="false">
                    <a href="/mrazene">
                        Mražené
                    </a>
                        <span class="category-toggle-sub mobile-small-nav-show"
                              onclick="this.parentNode.classList.toggle('open')">
							<i class="fa fa-angle-down" aria-hidden="true"></i>
						</span>
                    <div class="block block-droped-category">
                        <div class="block-droped-category-inner">
                            <div class="category-product-list">

                                                                <div class="product-type">
                                    <a href="/mrazene/hotova-jidla" class="product-type-image">
                                        <img data-src="https://cdn.kosik.cz/content/category/svg/menu/1084.svg" alt="Hotová jídla">
                                    </a>
                                    <h3>
                                        <a class="children" href="/mrazene/hotova-jidla">
                                            Hotová jídla
                                        </a>
                                    </h3>

                                                                        <div class="categories-container">

                                                <a href="/mrazene/hotova-jidla/hlavni-jidla">
                                                    Hlavní jídla,
                                                </a>

                                                <a href="/mrazene/hotova-jidla/bezmasa-jidla">
                                                    Bezmasá jídla,
                                                </a>

                                                <a href="/mrazene/hotova-jidla/pizza">
                                                    Pizza,
                                                </a>

                                                <a href="/mrazene/hotova-jidla/obalovana">
                                                    Obalovaná,
                                                </a>

                                                <a href="/mrazene/hotova-jidla/ostatni">
                                                    Ostatní,
                                                </a>
                                        <a href="/mrazene/hotova-jidla">...</a>
                                    </div>
                                </div>
                                <div class="product-type">
                                    <a href="/mrazene/hranolky-a-krokety" class="product-type-image">
                                        <img data-src="https://cdn.kosik.cz/content/category/svg/menu/1089.svg" alt="Hranolky a krokety">
                                    </a>
                                    <h3>
                                        <a class="children" href="/mrazene/hranolky-a-krokety">
                                            Hranolky a krokety
                                        </a>
                                    </h3>

                                                                        <div class="categories-container">

                                                <a href="/mrazene/hranolky-a-krokety/hranolky">
                                                    Hranolky,
                                                </a>

                                                <a href="/mrazene/hranolky-a-krokety/krokety">
                                                    Krokety,
                                                </a>

                                                <a href="/mrazene/hranolky-a-krokety/zeleninove-hranolky">
                                                    Zeleninové hranolky,
                                                </a>

                                                <a href="/mrazene/hranolky-a-krokety/do-trouby">
                                                    Do trouby,
                                                </a>

                                        <a href="/mrazene/hranolky-a-krokety">...</a>
                                    </div>
                                </div>
                                <div class="product-type">
                                    <a href="/mrazene/zelenina-a-ovoce" class="product-type-image">
                                        <img data-src="https://cdn.kosik.cz/content/category/svg/menu/1097.svg" alt="Zelenina a ovoce">
                                    </a>
                                    <h3>
                                        <a class="children" href="/mrazene/zelenina-a-ovoce">
                                            Zelenina a ovoce
                                        </a>
                                    </h3>

                                                                        <div class="categories-container">

                                                <a href="/mrazene/zelenina-a-ovoce/spenat">
                                                    Špenát,
                                                </a>

                                                <a href="/mrazene/zelenina-a-ovoce/zelenina-jednodruhova">
                                                    Zelenina jednodruhová,
                                                </a>

                                                <a href="/mrazene/zelenina-a-ovoce/zeleninove-smesi">
                                                    Zeleninové směsi,
                                                </a>


                                                <a href="/mrazene/zelenina-a-ovoce/ovocne-smesi">
                                                    Ovocné směsi,
                                                </a>


                                        <a href="/mrazene/zelenina-a-ovoce">...</a>
                                    </div>
                                </div>
                                <div class="product-type">
                                    <a href="/mrazene/mrazene-maso-drubez-a-ryby" class="product-type-image">
                                        <img data-src="https://cdn.kosik.cz/content/category/svg/menu/1091.svg" alt="Mražené maso, drůbež a ryby">
                                    </a>
                                    <h3>
                                        <a class="children" href="/mrazene/mrazene-maso-drubez-a-ryby">
                                            Mražené maso, drůbež a ryby
                                        </a>
                                    </h3>

                                                                        <div class="categories-container">

                                                <a href="/mrazene/mrazene-maso-drubez-a-ryby/mrazena-drubez">
                                                    Mražená drůbež,
                                                </a>

                                                <a href="/mrazene/mrazene-maso-drubez-a-ryby/mrazene-maso">
                                                    Mražené maso,
                                                </a>

                                                <a href="/mrazene/mrazene-maso-drubez-a-ryby/mrazene-ryby">
                                                    Mražené ryby,
                                                </a>

                                        <a href="/mrazene/mrazene-maso-drubez-a-ryby">...</a>
                                    </div>
                                </div>
                                <div class="product-type">
                                    <a href="/mrazene/mrazene-pecivo-a-testo" class="product-type-image">
                                        <img data-src="https://cdn.kosik.cz/content/category/svg/menu/1096.svg" alt="Mražené pečivo a těsto">
                                    </a>
                                    <h3>
                                        <a class="children" href="/mrazene/mrazene-pecivo-a-testo">
                                            Mražené pečivo a těsto
                                        </a>
                                    </h3>

                                                                        <div class="categories-container">

                                                <a href="/mrazene/mrazene-pecivo-a-testo/pecivo-slane">
                                                    Pečivo slané,
                                                </a>

                                                <a href="/mrazene/mrazene-pecivo-a-testo/pecivo-sladke">
                                                    Pečivo sladké,
                                                </a>

                                                <a href="/mrazene/mrazene-pecivo-a-testo/testa">
                                                    Těsta,
                                                </a>
                                        <a href="/mrazene/mrazene-pecivo-a-testo">...</a>
                                    </div>
                                </div>
                                <div class="product-type">
                                    <a href="/mrazene/kolace-a-dorty" class="product-type-image">
                                        <img data-src="https://cdn.kosik.cz/content/category/svg/menu/1090.svg" alt="Koláče a dorty">
                                    </a>
                                    <h3>
                                        <a class="children" href="/mrazene/kolace-a-dorty">
                                            Koláče a dorty
                                        </a>
                                    </h3>

                                                                        <div class="categories-container">

                                                <a href="/mrazene/kolace-a-dorty/tvarohove">
                                                    Tvarohové,
                                                </a>

                                                <a href="/mrazene/kolace-a-dorty/ovocne">
                                                    Ovocné,
                                                </a>

                                                <a href="/mrazene/kolace-a-dorty/cokoladove">
                                                    Čokoládové,
                                                </a>
                                        <a href="/mrazene/kolace-a-dorty">...</a>
                                    </div>
                                </div>
                                <div class="product-type">
                                    <a href="/mrazene/zmrzliny" class="product-type-image">
                                        <img data-src="https://cdn.kosik.cz/content/category/svg/menu/1102.svg" alt="Zmrzliny">
                                    </a>
                                    <h3>
                                        <a class="children" href="/mrazene/zmrzliny">
                                            Zmrzliny
                                        </a>
                                    </h3>

                                                                        <div class="categories-container">

                                                <a href="/mrazene/zmrzliny/nanuky-a-kornouty">
                                                    Nanuky a kornouty,
                                                </a>

                                                <a href="/mrazene/zmrzliny/vanicky">
                                                    Vaničky,
                                                </a>

                                                <a href="/mrazene/zmrzliny/sorbet">
                                                    Sorbet,
                                                </a>
                                        <a href="/mrazene/zmrzliny">...</a>
                                    </div>
                                </div>
                            </div>
                        </div>
                    </div>
                </li>
                <li class="sub with-children"
                    data-open="false">
                    <a href="/napoje">
                        Nápoje
                    </a>
                        <span class="category-toggle-sub mobile-small-nav-show"
                              onclick="this.parentNode.classList.toggle('open')">
							<i class="fa fa-angle-down" aria-hidden="true"></i>
						</span>
                    <div class="block block-droped-category">
                        <div class="block-droped-category-inner">
                            <div class="category-product-list">

                                                                <div class="product-type">
                                    <a href="/napoje/poctive-piti" class="product-type-image">
                                        <img data-src="https://cdn.kosik.cz/content/category/svg/menu/1929.svg" alt="Poctivé pití">
                                    </a>
                                    <h3>
                                        <a class="children" href="/napoje/poctive-piti">
                                            Poctivé pití
                                        </a>
                                    </h3>

                                                                        <div class="categories-container">

                                                <a href="/napoje/poctive-piti/pivo-a-cider">
                                                    Pivo a cider,
                                                </a>

                                                <a href="/napoje/poctive-piti/limonady">
                                                    Limonády,
                                                </a>

                                                <a href="/napoje/poctive-piti/sirupy">
                                                    Sirupy,
                                                </a>

                                                <a href="/napoje/poctive-piti/mosty">
                                                    Mošty,
                                                </a>

                                                <a href="/napoje/poctive-piti/darkova-baleni">
                                                    Dárková balení,
                                                </a>
                                        <a href="/napoje/poctive-piti">...</a>
                                    </div>
                                </div>
                                <div class="product-type">
                                    <a href="/napoje/mineralni-a-pramenite" class="product-type-image">
                                        <img data-src="https://cdn.kosik.cz/content/category/svg/menu/1180.svg" alt="Minerální a pramenité">
                                    </a>
                                    <h3>
                                        <a class="children" href="/napoje/mineralni-a-pramenite">
                                            Minerální a pramenité
                                        </a>
                                    </h3>

                                                                        <div class="categories-container">

                                                <a href="/napoje/mineralni-a-pramenite/mineralni">
                                                    Minerální,
                                                </a>

                                                <a href="/napoje/mineralni-a-pramenite/pramenite">
                                                    Pramenité,
                                                </a>
                                        <a href="/napoje/mineralni-a-pramenite">...</a>
                                    </div>
                                </div>
                                <div class="product-type">
                                    <a href="/napoje/dzusy-a-detske" class="product-type-image">
                                        <img data-src="https://cdn.kosik.cz/content/category/svg/menu/1152.svg" alt="Džusy a dětské">
                                    </a>
                                    <h3>
                                        <a class="children" href="/napoje/dzusy-a-detske">
                                            Džusy a dětské
                                        </a>
                                    </h3>

                                                                        <div class="categories-container">

                                                <a href="/napoje/dzusy-a-detske/100-dzusy">
                                                    100% džusy,
                                                </a>

                                                <a href="/napoje/dzusy-a-detske/cerstve-dzusy">
                                                    Čerstvé džusy,
                                                </a>

                                                <a href="/napoje/dzusy-a-detske/mosty-a-100-stavy">
                                                    Mošty a 100% šťávy,
                                                </a>

                                                <a href="/napoje/dzusy-a-detske/nektary">
                                                    Nektary,
                                                </a>


                                        <a href="/napoje/dzusy-a-detske">...</a>
                                    </div>
                                </div>
                                <div class="product-type">
                                    <a href="/napoje/limonady-a-ledove-caje" class="product-type-image">
                                        <img data-src="https://cdn.kosik.cz/content/category/svg/menu/1171.svg" alt="Limonády a ledové čaje">
                                    </a>
                                    <h3>
                                        <a class="children" href="/napoje/limonady-a-ledove-caje">
                                            Limonády a ledové čaje
                                        </a>
                                    </h3>

                                                                        <div class="categories-container">

                                                <a href="/napoje/limonady-a-ledove-caje/limonady">
                                                    Limonády,
                                                </a>

                                                <a href="/napoje/limonady-a-ledove-caje/ledove-caje">
                                                    Ledové čaje,
                                                </a>
                                        <a href="/napoje/limonady-a-ledove-caje">...</a>
                                    </div>
                                </div>
                                <div class="product-type">
                                    <a href="/napoje/sirupy-a-koncentraty" class="product-type-image">
                                        <img data-src="https://cdn.kosik.cz/content/category/svg/menu/1207.svg" alt="Sirupy a koncentráty">
                                    </a>
                                    <h3>
                                        <a class="children" href="/napoje/sirupy-a-koncentraty">
                                            Sirupy a koncentráty
                                        </a>
                                    </h3>

                                                                        <div class="categories-container">

                                                <a href="/napoje/sirupy-a-koncentraty/sirupy">
                                                    Sirupy,
                                                </a>

                                                <a href="/napoje/sirupy-a-koncentraty/koncentraty">
                                                    Koncentráty,
                                                </a>

                                                <a href="/napoje/sirupy-a-koncentraty/barmanske-sirupy">
                                                    Barmanské sirupy,
                                                </a>
                                        <a href="/napoje/sirupy-a-koncentraty">...</a>
                                    </div>
                                </div>
                                <div class="product-type">
                                    <a href="/napoje/energy-drinky-iontove" class="product-type-image">
                                        <img data-src="https://cdn.kosik.cz/content/category/svg/menu/1159.svg" alt="Energy drinky, iontové">
                                    </a>
                                    <h3>
                                        <a class="children" href="/napoje/energy-drinky-iontove">
                                            Energy drinky, iontové
                                        </a>
                                    </h3>

                                                                    </div>
                                <div class="product-type">
                                    <a href="/napoje/caj-kava-a-ledova-kava" class="product-type-image">
                                        <img data-src="https://cdn.kosik.cz/content/category/svg/menu/1132.svg" alt="Čaj, káva a ledová káva">
                                    </a>
                                    <h3>
                                        <a class="children" href="/napoje/caj-kava-a-ledova-kava">
                                            Čaj, káva a ledová káva
                                        </a>
                                    </h3>

                                                                        <div class="categories-container">

                                                <a href="/napoje/caj-kava-a-ledova-kava/caj">
                                                    Čaj,
                                                </a>

                                                <a href="/napoje/caj-kava-a-ledova-kava/kava">
                                                    Káva,
                                                </a>

                                                <a href="/napoje/caj-kava-a-ledova-kava/ledova-kava">
                                                    Ledová káva,
                                                </a>
                                        <a href="/napoje/caj-kava-a-ledova-kava">...</a>
                                    </div>
                                </div>
                                <div class="product-type">
                                    <a href="/napoje/kakaa-cokolady-a-rozpustne" class="product-type-image">
                                        <img data-src="https://cdn.kosik.cz/content/category/svg/menu/1162.svg" alt="Kakaa, čokolády a rozpustné">
                                    </a>
                                    <h3>
                                        <a class="children" href="/napoje/kakaa-cokolady-a-rozpustne">
                                            Kakaa, čokolády a rozpustné
                                        </a>
                                    </h3>

                                                                        <div class="categories-container">


                                                <a href="/napoje/kakaa-cokolady-a-rozpustne/instantni-napoje">
                                                    Instantní nápoje,
                                                </a>

                                                <a href="/napoje/kakaa-cokolady-a-rozpustne/rozpustne-kavoviny">
                                                    Rozpustné kávoviny,
                                                </a>
                                        <a href="/napoje/kakaa-cokolady-a-rozpustne">...</a>
                                    </div>
                                </div>
                                <div class="product-type">
                                    <a href="/napoje/pivo" class="product-type-image">
                                        <img data-src="https://cdn.kosik.cz/content/category/svg/menu/1188.svg" alt="Pivo">
                                    </a>
                                    <h3>
                                        <a class="children" href="/napoje/pivo">
                                            Pivo
                                        </a>
                                    </h3>

                                                                        <div class="categories-container">

                                                <a href="/napoje/pivo/vycepni">
                                                    Výčepní,
                                                </a>

                                                <a href="/napoje/pivo/lezak">
                                                    Ležák,
                                                </a>

                                                <a href="/napoje/pivo/nealko">
                                                    Nealko,
                                                </a>

                                                <a href="/napoje/pivo/ale">
                                                    Ale,
                                                </a>

                                                <a href="/napoje/pivo/ochucene">
                                                    Ochucené,
                                                </a>

                                                <a href="/napoje/pivo/cider">
                                                    Cider,
                                                </a>

                                                <a href="/napoje/pivo/tmave">
                                                    Tmavé,
                                                </a>

                                                <a href="/napoje/pivo/psenicne">
                                                    Pšeničné,
                                                </a>



                                                <a href="/napoje/pivo/sudove">
                                                    Sudové,
                                                </a>


                                        <a href="/napoje/pivo">...</a>
                                    </div>
                                </div>
                                <div class="product-type">
                                    <a href="/napoje/vina" class="product-type-image">
                                        <img data-src="https://cdn.kosik.cz/content/category/svg/menu/1119.svg" alt="Vína">
                                    </a>
                                    <h3>
                                        <a class="children" href="/napoje/vina">
                                            Vína
                                        </a>
                                    </h3>

                                                                        <div class="categories-container">

                                                <a href="/napoje/vina/bila">
                                                    Bílá,
                                                </a>

                                                <a href="/napoje/vina/cervena">
                                                    Červená,
                                                </a>

                                                <a href="/napoje/vina/ruzova">
                                                    Řůžová,
                                                </a>

                                                <a href="/napoje/vina/sumiva-a-sampanske">
                                                    Šumivá a šampaňské,
                                                </a>
                                        <a href="/napoje/vina">...</a>
                                    </div>
                                </div>
                                <div class="product-type">
                                    <a href="/napoje/lihoviny" class="product-type-image">
                                        <img data-src="https://cdn.kosik.cz/content/category/svg/menu/1108.svg" alt="Lihoviny">
                                    </a>
                                    <h3>
                                        <a class="children" href="/napoje/lihoviny">
                                            Lihoviny
                                        </a>
                                    </h3>

                                                                        <div class="categories-container">

                                                <a href="/napoje/lihoviny/aperitivy">
                                                    Aperitivy,
                                                </a>

                                                <a href="/napoje/lihoviny/brandy-a-konak">
                                                    Brandy a koňak,
                                                </a>

                                                <a href="/napoje/lihoviny/gin-a-absinth">
                                                    Gin a absinth,
                                                </a>

                                                <a href="/napoje/lihoviny/rum">
                                                    Rum,
                                                </a>

                                                <a href="/napoje/lihoviny/vodka">
                                                    Vodka,
                                                </a>

                                                <a href="/napoje/lihoviny/whisky-a-bourbon">
                                                    Whisky a bourbon,
                                                </a>



                                        <a href="/napoje/lihoviny">...</a>
                                    </div>
                                </div>
                            </div>
                        </div>
                    </div>
                </li>
                <li class="sub with-children"
                    data-open="false">
                    <a href="/trvanlive">
                        Trvanlivé
                    </a>
                        <span class="category-toggle-sub mobile-small-nav-show"
                              onclick="this.parentNode.classList.toggle('open')">
							<i class="fa fa-angle-down" aria-hidden="true"></i>
						</span>
                    <div class="block block-droped-category">
                        <div class="block-droped-category-inner">
                            <div class="category-product-list">

                                                                <div class="product-type">
                                    <a href="/trvanlive/ocet-olej-cukr-sul-a-mouka" class="product-type-image">
                                        <img data-src="https://cdn.kosik.cz/content/category/svg/menu/1270.svg" alt="Ocet, olej, cukr, sůl a mouka">
                                    </a>
                                    <h3>
                                        <a class="children" href="/trvanlive/ocet-olej-cukr-sul-a-mouka">
                                            Ocet, olej, cukr, sůl a mouka
                                        </a>
                                    </h3>

                                                                        <div class="categories-container">

                                                <a href="/trvanlive/ocet-olej-cukr-sul-a-mouka/mouka">
                                                    Mouka,
                                                </a>

                                                <a href="/trvanlive/ocet-olej-cukr-sul-a-mouka/ocet">
                                                    Ocet,
                                                </a>

                                                <a href="/trvanlive/ocet-olej-cukr-sul-a-mouka/olej">
                                                    Olej,
                                                </a>

                                                <a href="/trvanlive/ocet-olej-cukr-sul-a-mouka/cukr">
                                                    Cukr,
                                                </a>

                                                <a href="/trvanlive/ocet-olej-cukr-sul-a-mouka/sul">
                                                    Sůl,
                                                </a>
                                        <a href="/trvanlive/ocet-olej-cukr-sul-a-mouka">...</a>
                                    </div>
                                </div>
                                <div class="product-type">
                                    <a href="/trvanlive/sladkosti" class="product-type-image">
                                        <img data-src="https://cdn.kosik.cz/content/category/svg/menu/1326.svg" alt="Sladkosti">
                                    </a>
                                    <h3>
                                        <a class="children" href="/trvanlive/sladkosti">
                                            Sladkosti
                                        </a>
                                    </h3>

                                                                        <div class="categories-container">

                                                <a href="/trvanlive/sladkosti/tabulkove-cokolady">
                                                    Tabulkové čokolády,
                                                </a>

                                                <a href="/trvanlive/sladkosti/cokoladove-tycinky">
                                                    Čokoládové tyčinky,
                                                </a>

                                                <a href="/trvanlive/sladkosti/bonboniery">
                                                    Bonboniéry,
                                                </a>




                                        <a href="/trvanlive/sladkosti">...</a>
                                    </div>
                                </div>
                                <div class="product-type">
                                    <a href="/trvanlive/ryze-lusteniny-testoviny-a-soja" class="product-type-image">
                                        <img data-src="https://cdn.kosik.cz/content/category/svg/menu/1295.svg" alt="Rýže, luštěniny, těstoviny a sója">
                                    </a>
                                    <h3>
                                        <a class="children" href="/trvanlive/ryze-lusteniny-testoviny-a-soja">
                                            Rýže, luštěniny, těstoviny a sója
                                        </a>
                                    </h3>

                                                                        <div class="categories-container">

                                                <a href="/trvanlive/ryze-lusteniny-testoviny-a-soja/ryze">
                                                    Rýže,
                                                </a>

                                                <a href="/trvanlive/ryze-lusteniny-testoviny-a-soja/lusteniny">
                                                    Luštěniny,
                                                </a>

                                                <a href="/trvanlive/ryze-lusteniny-testoviny-a-soja/testoviny">
                                                    Těstoviny,
                                                </a>
                                        <a href="/trvanlive/ryze-lusteniny-testoviny-a-soja">...</a>
                                    </div>
                                </div>
                                <div class="product-type">
                                    <a href="/trvanlive/slane" class="product-type-image">
                                        <img data-src="https://cdn.kosik.cz/content/category/svg/menu/1319.svg" alt="Slané">
                                    </a>
                                    <h3>
                                        <a class="children" href="/trvanlive/slane">
                                            Slané
                                        </a>
                                    </h3>

                                                                        <div class="categories-container">

                                                <a href="/trvanlive/slane/chipsy">
                                                    Chipsy,
                                                </a>

                                                <a href="/trvanlive/slane/krekry">
                                                    Krekry,
                                                </a>

                                                <a href="/trvanlive/slane/orisky-a-popcorn">
                                                    Oříšky a popcorn,
                                                </a>

                                                <a href="/trvanlive/slane/snacky">
                                                    Snacky,
                                                </a>
                                        <a href="/trvanlive/slane">...</a>
                                    </div>
                                </div>
                                <div class="product-type">
                                    <a href="/trvanlive/kecupy-horcice-kreny-a-protlaky" class="product-type-image">
                                        <img data-src="https://cdn.kosik.cz/content/category/svg/menu/1233.svg" alt="Kečupy, hořčice, křeny a protlaky">
                                    </a>
                                    <h3>
                                        <a class="children" href="/trvanlive/kecupy-horcice-kreny-a-protlaky">
                                            Kečupy, hořčice, křeny a protlaky
                                        </a>
                                    </h3>

                                                                        <div class="categories-container">

                                                <a href="/trvanlive/kecupy-horcice-kreny-a-protlaky/kecupy">
                                                    Kečupy,
                                                </a>

                                                <a href="/trvanlive/kecupy-horcice-kreny-a-protlaky/horcice">
                                                    Hořčice,
                                                </a>

                                                <a href="/trvanlive/kecupy-horcice-kreny-a-protlaky/kreny">
                                                    Křeny,
                                                </a>

                                                <a href="/trvanlive/kecupy-horcice-kreny-a-protlaky/protlaky">
                                                    Protlaky,
                                                </a>
                                        <a href="/trvanlive/kecupy-horcice-kreny-a-protlaky">...</a>
                                    </div>
                                </div>
                                <div class="product-type">
                                    <a href="/trvanlive/konzervovane-potraviny" class="product-type-image">
                                        <img data-src="https://cdn.kosik.cz/content/category/svg/menu/1238.svg" alt="Konzervované potraviny">
                                    </a>
                                    <h3>
                                        <a class="children" href="/trvanlive/konzervovane-potraviny">
                                            Konzervované potraviny
                                        </a>
                                    </h3>

                                                                        <div class="categories-container">

                                                <a href="/trvanlive/konzervovane-potraviny/zelenina">
                                                    Zelenina,
                                                </a>

                                                <a href="/trvanlive/konzervovane-potraviny/ovoce">
                                                    Ovoce,
                                                </a>

                                                <a href="/trvanlive/konzervovane-potraviny/maso-a-hotova-jidla">
                                                    Maso a hotová jídla,
                                                </a>

                                                <a href="/trvanlive/konzervovane-potraviny/pastiky">
                                                    Paštiky,
                                                </a>

                                                <a href="/trvanlive/konzervovane-potraviny/pomazanky">
                                                    Pomazánky,
                                                </a>

                                                <a href="/trvanlive/konzervovane-potraviny/ryby">
                                                    Ryby,
                                                </a>
                                        <a href="/trvanlive/konzervovane-potraviny">...</a>
                                    </div>
                                </div>
                                <div class="product-type">
                                    <a href="/trvanlive/mikulas-a-vanoce" class="product-type-image">
                                        <img data-src="https://cdn.kosik.cz/content/category/svg/menu/1318.svg" alt="Mikuláš a Vánoce">
                                    </a>
                                    <h3>
                                        <a class="children" href="/trvanlive/mikulas-a-vanoce">
                                            Mikuláš a Vánoce
                                        </a>
                                    </h3>

                                                                        <div class="categories-container">

                                                <a href="/trvanlive/mikulas-a-vanoce/vanocni-kolekce">
                                                    Vánoční kolekce,
                                                </a>

                                                <a href="/trvanlive/mikulas-a-vanoce/adventni-kalendare">
                                                    Adventní kalendáře,
                                                </a>

                                                <a href="/trvanlive/mikulas-a-vanoce/bonbony-a-cokolady">
                                                    Bonbóny a čokolády,
                                                </a>

                                        <a href="/trvanlive/mikulas-a-vanoce">...</a>
                                    </div>
                                </div>
                                <div class="product-type">
                                    <a href="/trvanlive/koreni-bujony-ochucovadla" class="product-type-image">
                                        <img data-src="https://cdn.kosik.cz/content/category/svg/menu/1266.svg" alt="Koření, bujóny, ochucovadla">
                                    </a>
                                    <h3>
                                        <a class="children" href="/trvanlive/koreni-bujony-ochucovadla">
                                            Koření, bujóny, ochucovadla
                                        </a>
                                    </h3>

                                                                        <div class="categories-container">

                                                <a href="/trvanlive/koreni-bujony-ochucovadla/koreni">
                                                    Koření,
                                                </a>

                                                <a href="/trvanlive/koreni-bujony-ochucovadla/bujony">
                                                    Bujóny,
                                                </a>

                                                <a href="/trvanlive/koreni-bujony-ochucovadla/ochucovadla">
                                                    Ochucovadla,
                                                </a>
                                        <a href="/trvanlive/koreni-bujony-ochucovadla">...</a>
                                    </div>
                                </div>
                                <div class="product-type">
                                    <a href="/trvanlive/prisady-na-vareni-a-peceni" class="product-type-image">
                                        <img data-src="https://cdn.kosik.cz/content/category/svg/menu/1280.svg" alt="Přísady na vaření a pečení">
                                    </a>
                                    <h3>
                                        <a class="children" href="/trvanlive/prisady-na-vareni-a-peceni">
                                            Přísady na vaření a pečení
                                        </a>
                                    </h3>

                                                                        <div class="categories-container">

                                                <a href="/trvanlive/prisady-na-vareni-a-peceni/prisady-na-peceni">
                                                    Přísady na pečení,
                                                </a>

                                                <a href="/trvanlive/prisady-na-vareni-a-peceni/omacky-v-prasku">
                                                    Omáčky v prášku,
                                                </a>

                                                <a href="/trvanlive/prisady-na-vareni-a-peceni/sladke-smesi">
                                                    Sladké směsi,
                                                </a>

                                                <a href="/trvanlive/prisady-na-vareni-a-peceni/pudinky">
                                                    Pudinky,
                                                </a>




                                        <a href="/trvanlive/prisady-na-vareni-a-peceni">...</a>
                                    </div>
                                </div>
                                <div class="product-type">
                                    <a href="/trvanlive/superfood" class="product-type-image">
                                        <img data-src="https://cdn.kosik.cz/content/category/svg/menu/1313.svg" alt="Superfood">
                                    </a>
                                    <h3>
                                        <a class="children" href="/trvanlive/superfood">
                                            Superfood
                                        </a>
                                    </h3>

                                                                        <div class="categories-container">

                                                <a href="/trvanlive/superfood/snidanove-smesi">
                                                    Snídaňové směsi,
                                                </a>


                                        <a href="/trvanlive/superfood">...</a>
                                    </div>
                                </div>
                                <div class="product-type">
                                    <a href="/trvanlive/dresingy-a-omacky" class="product-type-image">
                                        <img data-src="https://cdn.kosik.cz/content/category/svg/menu/1222.svg" alt="Dresingy a omáčky">
                                    </a>
                                    <h3>
                                        <a class="children" href="/trvanlive/dresingy-a-omacky">
                                            Dresingy a omáčky
                                        </a>
                                    </h3>

                                                                        <div class="categories-container">

                                                <a href="/trvanlive/dresingy-a-omacky/dresingy">
                                                    Dresingy,
                                                </a>

                                                <a href="/trvanlive/dresingy-a-omacky/omacky">
                                                    Omáčky,
                                                </a>
                                        <a href="/trvanlive/dresingy-a-omacky">...</a>
                                    </div>
                                </div>
                                <div class="product-type">
                                    <a href="/trvanlive/cerealie-a-musli" class="product-type-image">
                                        <img data-src="https://cdn.kosik.cz/content/category/svg/menu/1212.svg" alt="Cereálie a musli">
                                    </a>
                                    <h3>
                                        <a class="children" href="/trvanlive/cerealie-a-musli">
                                            Cereálie a musli
                                        </a>
                                    </h3>

                                                                        <div class="categories-container">


                                                <a href="/trvanlive/cerealie-a-musli/musli-a-ovesne-kase">
                                                    Musli a ovesné kaše,
                                                </a>

                                                <a href="/trvanlive/cerealie-a-musli/tycinky">
                                                    Tyčinky,
                                                </a>
                                        <a href="/trvanlive/cerealie-a-musli">...</a>
                                    </div>
                                </div>
                                <div class="product-type">
                                    <a href="/trvanlive/dzemy-medy-a-cokokremy" class="product-type-image">
                                        <img data-src="https://cdn.kosik.cz/content/category/svg/menu/1225.svg" alt="Džemy, medy a čokokrémy">
                                    </a>
                                    <h3>
                                        <a class="children" href="/trvanlive/dzemy-medy-a-cokokremy">
                                            Džemy, medy a čokokrémy
                                        </a>
                                    </h3>

                                                                        <div class="categories-container">

                                                <a href="/trvanlive/dzemy-medy-a-cokokremy/dzemy">
                                                    Džemy,
                                                </a>

                                                <a href="/trvanlive/dzemy-medy-a-cokokremy/medy">
                                                    Medy,
                                                </a>

                                                <a href="/trvanlive/dzemy-medy-a-cokokremy/cokokremy">
                                                    Čokokrémy,
                                                </a>

                                                <a href="/trvanlive/dzemy-medy-a-cokokremy/burakove-maslo">
                                                    Burákové máslo,
                                                </a>
                                        <a href="/trvanlive/dzemy-medy-a-cokokremy">...</a>
                                    </div>
                                </div>
                                <div class="product-type">
                                    <a href="/trvanlive/instantni-jidla-a-polevky" class="product-type-image">
                                        <img data-src="https://cdn.kosik.cz/content/category/svg/menu/1230.svg" alt="Instantní jídla a polévky">
                                    </a>
                                    <h3>
                                        <a class="children" href="/trvanlive/instantni-jidla-a-polevky">
                                            Instantní jídla a polévky
                                        </a>
                                    </h3>

                                                                        <div class="categories-container">

                                                <a href="/trvanlive/instantni-jidla-a-polevky/instantni-jidla">
                                                    Instantní jídla,
                                                </a>

                                                <a href="/trvanlive/instantni-jidla-a-polevky/instantni-polevky">
                                                    Instantní polévky,
                                                </a>
                                        <a href="/trvanlive/instantni-jidla-a-polevky">...</a>
                                    </div>
                                </div>
                                <div class="product-type">
                                    <a href="/trvanlive/mezinarodni-kuchyne" class="product-type-image">
                                        <img data-src="https://cdn.kosik.cz/content/category/svg/menu/1261.svg" alt="Mezinárodní kuchyně">
                                    </a>
                                    <h3>
                                        <a class="children" href="/trvanlive/mezinarodni-kuchyne">
                                            Mezinárodní kuchyně
                                        </a>
                                    </h3>

                                                                        <div class="categories-container">

                                                <a href="/trvanlive/mezinarodni-kuchyne/asijska">
                                                    Asijská,
                                                </a>

                                                <a href="/trvanlive/mezinarodni-kuchyne/mexicka">
                                                    Mexická,
                                                </a>

                                                <a href="/trvanlive/mezinarodni-kuchyne/stredomorska">
                                                    Středomořská,
                                                </a>

                                                <a href="/trvanlive/mezinarodni-kuchyne/thajska">
                                                    Thajská,
                                                </a>
                                        <a href="/trvanlive/mezinarodni-kuchyne">...</a>
                                    </div>
                                </div>
                            </div>
                        </div>
                    </div>
                </li>
                <li class="sub with-children"
                    data-open="false">
                    <a href="/mazlicci">
                        Mazlíčci
                    </a>
                        <span class="category-toggle-sub mobile-small-nav-show"
                              onclick="this.parentNode.classList.toggle('open')">
							<i class="fa fa-angle-down" aria-hidden="true"></i>
						</span>
                    <div class="block block-droped-category">
                        <div class="block-droped-category-inner">
                            <div class="category-product-list">

                                                                <div class="product-type">
                                    <a href="/mazlicci/kocky" class="product-type-image">
                                        <img data-src="https://cdn.kosik.cz/content/category/svg/menu/1579.svg" alt="Kočky">
                                    </a>
                                    <h3>
                                        <a class="children" href="/mazlicci/kocky">
                                            Kočky
                                        </a>
                                    </h3>

                                                                        <div class="categories-container">


                                                <a href="/mazlicci/kocky/konzervy-pro-kocky">
                                                    Konzervy pro kočky,
                                                </a>

                                                <a href="/mazlicci/kocky/kapsicky-pro-kocky">
                                                    Kapsičky pro kočky,
                                                </a>


                                                <a href="/mazlicci/kocky/hracky-pro-kocky">
                                                    Hračky pro kočky,
                                                </a>

                                                <a href="/mazlicci/kocky/steliva">
                                                    Steliva,
                                                </a>
                                        <a href="/mazlicci/kocky">...</a>
                                    </div>
                                </div>
                                <div class="product-type">
                                    <a href="/mazlicci/psi" class="product-type-image">
                                        <img data-src="https://cdn.kosik.cz/content/category/svg/menu/1580.svg" alt="Psi">
                                    </a>
                                    <h3>
                                        <a class="children" href="/mazlicci/psi">
                                            Psi
                                        </a>
                                    </h3>

                                                                        <div class="categories-container">

                                                <a href="/mazlicci/psi/granule-a-smesi-pro-psy">
                                                    Granule a směsi pro psy,
                                                </a>

                                                <a href="/mazlicci/psi/konzervy-pro-psy">
                                                    Konzervy pro psy,
                                                </a>


                                                <a href="/mazlicci/psi/hracky-a-pleny-pro-psy">
                                                    Hračky a pleny pro psy,
                                                </a>

                                        <a href="/mazlicci/psi">...</a>
                                    </div>
                                </div>
                                <div class="product-type">
                                    <a href="/mazlicci/hlodavci" class="product-type-image">
                                        <img data-src="https://cdn.kosik.cz/content/category/svg/menu/1364.svg" alt="Hlodavci">
                                    </a>
                                    <h3>
                                        <a class="children" href="/mazlicci/hlodavci">
                                            Hlodavci
                                        </a>
                                    </h3>

                                                                        <div class="categories-container">

                                                <a href="/mazlicci/hlodavci/krmiva">
                                                    Krmiva,
                                                </a>

                                                <a href="/mazlicci/hlodavci/steliva">
                                                    Steliva,
                                                </a>
                                        <a href="/mazlicci/hlodavci">...</a>
                                    </div>
                                </div>
                                <div class="product-type">
                                    <a href="/mazlicci/ptactvo" class="product-type-image">
                                        <img data-src="https://cdn.kosik.cz/content/category/svg/menu/1367.svg" alt="Ptactvo">
                                    </a>
                                    <h3>
                                        <a class="children" href="/mazlicci/ptactvo">
                                            Ptactvo
                                        </a>
                                    </h3>

                                                                    </div>
                            </div>
                        </div>
                    </div>
                </li>
                <li class="sub with-children"
                    data-open="false">
                    <a href="/deti">
                        Děti
                    </a>
                        <span class="category-toggle-sub mobile-small-nav-show"
                              onclick="this.parentNode.classList.toggle('open')">
							<i class="fa fa-angle-down" aria-hidden="true"></i>
						</span>
                    <div class="block block-droped-category">
                        <div class="block-droped-category-inner">
                            <div class="category-product-list">

                                                                <div class="product-type">
                                    <a href="/deti/detska-kosmetika" class="product-type-image">
                                        <img data-src="https://cdn.kosik.cz/content/category/svg/menu/1370.svg" alt="Dětská kosmetika">
                                    </a>
                                    <h3>
                                        <a class="children" href="/deti/detska-kosmetika">
                                            Dětská kosmetika
                                        </a>
                                    </h3>

                                                                        <div class="categories-container">


                                                <a href="/deti/detska-kosmetika/detske-kremy-a-oleje">
                                                    Dětské krémy a oleje,
                                                </a>


                                                <a href="/deti/detska-kosmetika/zubni-hygiena">
                                                    Zubní hygiena,
                                                </a>
                                        <a href="/deti/detska-kosmetika">...</a>
                                    </div>
                                </div>
                                <div class="product-type">
                                    <a href="/deti/jednorazove-pleny" class="product-type-image">
                                        <img data-src="https://cdn.kosik.cz/content/category/svg/menu/1592.svg" alt="Jednorázové pleny">
                                    </a>
                                    <h3>
                                        <a class="children" href="/deti/jednorazove-pleny">
                                            Jednorázové pleny
                                        </a>
                                    </h3>

                                                                        <div class="categories-container">

                                                <a href="/deti/jednorazove-pleny/velikost-1">
                                                    Velikost 1,
                                                </a>

                                                <a href="/deti/jednorazove-pleny/velikost-2">
                                                    Velikost 2,
                                                </a>

                                                <a href="/deti/jednorazove-pleny/velikost-3">
                                                    Velikost 3,
                                                </a>

                                                <a href="/deti/jednorazove-pleny/velikost-4">
                                                    Velikost 4,
                                                </a>

                                                <a href="/deti/jednorazove-pleny/velikost-5">
                                                    Velikost 5,
                                                </a>

                                                <a href="/deti/jednorazove-pleny/velikost-6">
                                                    Velikost 6,
                                                </a>
                                        <a href="/deti/jednorazove-pleny">...</a>
                                    </div>
                                </div>
                                <div class="product-type">
                                    <a href="/deti/eko" class="product-type-image">
                                        <img data-src="https://cdn.kosik.cz/content/category/svg/menu/1599.svg" alt="Eko">
                                    </a>
                                    <h3>
                                        <a class="children" href="/deti/eko">
                                            Eko
                                        </a>
                                    </h3>

                                                                        <div class="categories-container">

                                                <a href="/deti/eko/bio-pleny">
                                                    bio pleny,
                                                </a>
                                        <a href="/deti/eko">...</a>
                                    </div>
                                </div>
                                <div class="product-type">
                                    <a href="/deti/latkove-pleny" class="product-type-image">
                                        <img data-src="https://cdn.kosik.cz/content/category/svg/menu/1607.svg" alt="Látkové pleny">
                                    </a>
                                    <h3>
                                        <a class="children" href="/deti/latkove-pleny">
                                            Látkové pleny
                                        </a>
                                    </h3>

                                                                    </div>
                                <div class="product-type">
                                    <a href="/deti/prebalovaci-podlozky-a-vlhcene-ubrousky" class="product-type-image">
                                        <img data-src="https://cdn.kosik.cz/content/category/svg/menu/1608.svg" alt="Přebalovací podložky a vlhčené ubrousky">
                                    </a>
                                    <h3>
                                        <a class="children" href="/deti/prebalovaci-podlozky-a-vlhcene-ubrousky">
                                            Přebalovací podložky a vlhčené ubrousky
                                        </a>
                                    </h3>

                                                                    </div>
                                <div class="product-type">
                                    <a href="/deti/kojenecke-mleko-a-vyziva" class="product-type-image">
                                        <img data-src="https://cdn.kosik.cz/content/category/svg/menu/1609.svg" alt="Kojenecké mléko a výživa">
                                    </a>
                                    <h3>
                                        <a class="children" href="/deti/kojenecke-mleko-a-vyziva">
                                            Kojenecké mléko a výživa
                                        </a>
                                    </h3>

                                                                        <div class="categories-container">

                                                <a href="/deti/kojenecke-mleko-a-vyziva/bio-vyziva">
                                                    BIO výživa,
                                                </a>

                                                <a href="/deti/kojenecke-mleko-a-vyziva/kojenecka-mleka">
                                                    Kojenecká mléka,
                                                </a>

                                                <a href="/deti/kojenecke-mleko-a-vyziva/detske-kase">
                                                    Dětské kaše,
                                                </a>

                                                <a href="/deti/kojenecke-mleko-a-vyziva/kojenecke-prikrmy">
                                                    Kojenecké příkrmy,
                                                </a>

                                        <a href="/deti/kojenecke-mleko-a-vyziva">...</a>
                                    </div>
                                </div>
                                <div class="product-type">
                                    <a href="/deti/kojenecke-vody-a-napoje" class="product-type-image">
                                        <img data-src="https://cdn.kosik.cz/content/category/svg/menu/1619.svg" alt="Kojenecké vody a nápoje">
                                    </a>
                                    <h3>
                                        <a class="children" href="/deti/kojenecke-vody-a-napoje">
                                            Kojenecké vody a nápoje
                                        </a>
                                    </h3>

                                                                        <div class="categories-container">

                                                <a href="/deti/kojenecke-vody-a-napoje/vody">
                                                    Vody,
                                                </a>

                                                <a href="/deti/kojenecke-vody-a-napoje/caje">
                                                    Čaje,
                                                </a>

                                                <a href="/deti/kojenecke-vody-a-napoje/stavy">
                                                    Šťávy,
                                                </a>
                                        <a href="/deti/kojenecke-vody-a-napoje">...</a>
                                    </div>
                                </div>
                                <div class="product-type">
                                    <a href="/deti/hracky" class="product-type-image">
                                        <img data-src="https://cdn.kosik.cz/content/category/svg/menu/1373.svg" alt="Hračky">
                                    </a>
                                    <h3>
                                        <a class="children" href="/deti/hracky">
                                            Hračky
                                        </a>
                                    </h3>

                                                                        <div class="categories-container">

                                                <a href="/deti/hracky/hracky-pro-nejmensi">
                                                    Hračky pro nejmenší,
                                                </a>

                                        <a href="/deti/hracky">...</a>
                                    </div>
                                </div>
                                <div class="product-type">
                                    <a href="/deti/hry" class="product-type-image">
                                        <img data-src="https://cdn.kosik.cz/content/category/svg/menu/1376.svg" alt="Hry">
                                    </a>
                                    <h3>
                                        <a class="children" href="/deti/hry">
                                            Hry
                                        </a>
                                    </h3>

                                                                    </div>
                                <div class="product-type">
                                    <a href="/deti/kojenecke-potreby" class="product-type-image">
                                        <img data-src="https://cdn.kosik.cz/content/category/svg/menu/1377.svg" alt="Kojenecké potřeby">
                                    </a>
                                    <h3>
                                        <a class="children" href="/deti/kojenecke-potreby">
                                            Kojenecké potřeby
                                        </a>
                                    </h3>

                                                                        <div class="categories-container">

                                                <a href="/deti/kojenecke-potreby/lahve-a-dudliky">
                                                    Láhve a dudlíky,
                                                </a>

                                                <a href="/deti/kojenecke-potreby/potreby-na-kocarek">
                                                    Potřeby na kočárek,
                                                </a>

                                                <a href="/deti/kojenecke-potreby/osusky-a-bryndacky">
                                                    Osušky a bryndáčky,
                                                </a>

                                        <a href="/deti/kojenecke-potreby">...</a>
                                    </div>
                                </div>
                                <div class="product-type">
                                    <a href="/deti/tehotenstvi-kojeni" class="product-type-image">
                                        <img data-src="https://cdn.kosik.cz/content/category/svg/menu/1382.svg" alt="Těhotenství, kojení">
                                    </a>
                                    <h3>
                                        <a class="children" href="/deti/tehotenstvi-kojeni">
                                            Těhotenství, kojení
                                        </a>
                                    </h3>

                                                                        <div class="categories-container">

                                                <a href="/deti/tehotenstvi-kojeni/vyziva">
                                                    Výživa,
                                                </a>

                                                <a href="/deti/tehotenstvi-kojeni/napoje-pro-maminky">
                                                    Nápoje pro maminky,
                                                </a>

                                        <a href="/deti/tehotenstvi-kojeni">...</a>
                                    </div>
                                </div>
                                <div class="product-type">
                                    <a href="/deti/potreby-pro-skolaky" class="product-type-image">
                                        <img data-src="https://cdn.kosik.cz/content/category/svg/menu/1386.svg" alt="Potřeby pro školáky">
                                    </a>
                                    <h3>
                                        <a class="children" href="/deti/potreby-pro-skolaky">
                                            Potřeby pro školáky
                                        </a>
                                    </h3>

                                                                        <div class="categories-container">

                                                <a href="/deti/potreby-pro-skolaky/psaci-potreby">
                                                    Psací potřeby,
                                                </a>

                                                <a href="/deti/potreby-pro-skolaky/vytvarne-potreby">
                                                    Výtvarné potřeby,
                                                </a>

                                                <a href="/deti/potreby-pro-skolaky/sacky-na-backurky">
                                                    Sáčky na bačkůrky,
                                                </a>
                                        <a href="/deti/potreby-pro-skolaky">...</a>
                                    </div>
                                </div>
                            </div>
                        </div>
                    </div>
                </li>
                <li class="sub with-children"
                    data-open="false">
                    <a href="/domacnost-a-zahrada">
                        Domácnost a zahrada
                    </a>
                        <span class="category-toggle-sub mobile-small-nav-show"
                              onclick="this.parentNode.classList.toggle('open')">
							<i class="fa fa-angle-down" aria-hidden="true"></i>
						</span>
                    <div class="block block-droped-category">
                        <div class="block-droped-category-inner">
                            <div class="category-product-list">

                                                                <div class="product-type">
                                    <a href="/domacnost-a-zahrada/kuchyne" class="product-type-image">
                                        <img data-src="https://cdn.kosik.cz/content/category/svg/menu/1391.svg" alt="Kuchyně">
                                    </a>
                                    <h3>
                                        <a class="children" href="/domacnost-a-zahrada/kuchyne">
                                            Kuchyně
                                        </a>
                                    </h3>

                                                                        <div class="categories-container">

                                                <a href="/domacnost-a-zahrada/kuchyne/pytle-do-kosu-a-kose">
                                                    Pytle do košů a koše,
                                                </a>

                                                <a href="/domacnost-a-zahrada/kuchyne/stolovani">
                                                    Stolování,
                                                </a>

                                                <a href="/domacnost-a-zahrada/kuchyne/kuchynske-potreby">
                                                    Kuchyňské potřeby,
                                                </a>

                                        <a href="/domacnost-a-zahrada/kuchyne">...</a>
                                    </div>
                                </div>
                                <div class="product-type">
                                    <a href="/domacnost-a-zahrada/vanoce-sezonni-dekorace" class="product-type-image">
                                        <img data-src="https://cdn.kosik.cz/content/category/svg/menu/1451.svg" alt="Vánoce - sezonní dekorace">
                                    </a>
                                    <h3>
                                        <a class="children" href="/domacnost-a-zahrada/vanoce-sezonni-dekorace">
                                            Vánoce - sezonní dekorace
                                        </a>
                                    </h3>

                                                                    </div>
                                <div class="product-type">
                                    <a href="/domacnost-a-zahrada/dum-a-byt" class="product-type-image">
                                        <img data-src="https://cdn.kosik.cz/content/category/svg/menu/1405.svg" alt="Dům a byt">
                                    </a>
                                    <h3>
                                        <a class="children" href="/domacnost-a-zahrada/dum-a-byt">
                                            Dům a byt
                                        </a>
                                    </h3>

                                                                        <div class="categories-container">

                                                <a href="/domacnost-a-zahrada/dum-a-byt/pomucky-k-uklidu">
                                                    Pomůcky k úklidu,
                                                </a>

                                                <a href="/domacnost-a-zahrada/dum-a-byt/domaci-textil">
                                                    Domácí textil,
                                                </a>


                                                <a href="/domacnost-a-zahrada/dum-a-byt/svicky-a-vune">
                                                    Svíčky a vůně,
                                                </a>


                                                <a href="/domacnost-a-zahrada/dum-a-byt/pece-o-obuv">
                                                    Péče o obuv,
                                                </a>

                                        <a href="/domacnost-a-zahrada/dum-a-byt">...</a>
                                    </div>
                                </div>
                                <div class="product-type">
                                    <a href="/domacnost-a-zahrada/kucharky" class="product-type-image">
                                        <img data-src="https://cdn.kosik.cz/content/category/svg/menu/1438.svg" alt="Kuchařky">
                                    </a>
                                    <h3>
                                        <a class="children" href="/domacnost-a-zahrada/kucharky">
                                            Kuchařky
                                        </a>
                                    </h3>

                                                                    </div>
                                <div class="product-type">
                                    <a href="/domacnost-a-zahrada/zahrada" class="product-type-image">
                                        <img data-src="https://cdn.kosik.cz/content/category/svg/menu/1427.svg" alt="Zahrada">
                                    </a>
                                    <h3>
                                        <a class="children" href="/domacnost-a-zahrada/zahrada">
                                            Zahrada
                                        </a>
                                    </h3>

                                                                        <div class="categories-container">



                                                <a href="/domacnost-a-zahrada/zahrada/semena">
                                                    Semena,
                                                </a>

                                                <a href="/domacnost-a-zahrada/zahrada/doplnky">
                                                    Doplňky,
                                                </a>

                                                <a href="/domacnost-a-zahrada/zahrada/bazenova-chemie">
                                                    Bazénová chemie,
                                                </a>
                                        <a href="/domacnost-a-zahrada/zahrada">...</a>
                                    </div>
                                </div>
                                <div class="product-type">
                                    <a href="/domacnost-a-zahrada/grilovani" class="product-type-image">
                                        <img data-src="https://cdn.kosik.cz/content/category/svg/menu/1439.svg" alt="Grilování">
                                    </a>
                                    <h3>
                                        <a class="children" href="/domacnost-a-zahrada/grilovani">
                                            Grilování
                                        </a>
                                    </h3>

                                                                        <div class="categories-container">

                                                <a href="/domacnost-a-zahrada/grilovani/grily">
                                                    Grily,
                                                </a>


                                        <a href="/domacnost-a-zahrada/grilovani">...</a>
                                    </div>
                                </div>
                                <div class="product-type">
                                    <a href="/domacnost-a-zahrada/kancelar" class="product-type-image">
                                        <img data-src="https://cdn.kosik.cz/content/category/svg/menu/1393.svg" alt="Kancelář">
                                    </a>
                                    <h3>
                                        <a class="children" href="/domacnost-a-zahrada/kancelar">
                                            Kancelář
                                        </a>
                                    </h3>

                                                                        <div class="categories-container">

                                                <a href="/domacnost-a-zahrada/kancelar/kancelarske-potreby">
                                                    Kancelářské potřeby,
                                                </a>

                                                <a href="/domacnost-a-zahrada/kancelar/papirnictvi">
                                                    Papírnictví,
                                                </a>

                                                <a href="/domacnost-a-zahrada/kancelar/trideni-archivace">
                                                    Třídění, archivace,
                                                </a>
                                        <a href="/domacnost-a-zahrada/kancelar">...</a>
                                    </div>
                                </div>
                                <div class="product-type">
                                    <a href="/domacnost-a-zahrada/lekarna" class="product-type-image">
                                        <img data-src="https://cdn.kosik.cz/content/category/svg/menu/1398.svg" alt="Lékárna">
                                    </a>
                                    <h3>
                                        <a class="children" href="/domacnost-a-zahrada/lekarna">
                                            Lékárna
                                        </a>
                                    </h3>

                                                                        <div class="categories-container">

                                                <a href="/domacnost-a-zahrada/lekarna/vyziva-a-hubnuti">
                                                    Výživa a hubnutí,
                                                </a>


                                                <a href="/domacnost-a-zahrada/lekarna/vyziva-pro-sportovce">
                                                    Výživa pro sportovce,
                                                </a>

                                                <a href="/domacnost-a-zahrada/lekarna/myti-bez-vody">
                                                    Mytí bez vody,
                                                </a>




                                        <a href="/domacnost-a-zahrada/lekarna">...</a>
                                    </div>
                                </div>
                                <div class="product-type">
                                    <a href="/domacnost-a-zahrada/fitness" class="product-type-image">
                                        <img data-src="https://cdn.kosik.cz/content/category/svg/menu/1403.svg" alt="Fitness">
                                    </a>
                                    <h3>
                                        <a class="children" href="/domacnost-a-zahrada/fitness">
                                            Fitness
                                        </a>
                                    </h3>

                                                                        <div class="categories-container">

                                                <a href="/domacnost-a-zahrada/fitness/sportovni-vyziva">
                                                    Sportovní výživa,
                                                </a>
                                        <a href="/domacnost-a-zahrada/fitness">...</a>
                                    </div>
                                </div>
                            </div>
                        </div>
                    </div>
                </li>
                <li class="sub with-children"
                    data-open="false">
                    <a href="/drogerie">
                        Drogerie
                    </a>
                        <span class="category-toggle-sub mobile-small-nav-show"
                              onclick="this.parentNode.classList.toggle('open')">
							<i class="fa fa-angle-down" aria-hidden="true"></i>
						</span>
                    <div class="block block-droped-category">
                        <div class="block-droped-category-inner">
                            <div class="category-product-list">

                                                                <div class="product-type">
                                    <a href="/drogerie/pece-o-telo" class="product-type-image">
                                        <img data-src="https://cdn.kosik.cz/content/category/svg/menu/1531.svg" alt="Péče o tělo">
                                    </a>
                                    <h3>
                                        <a class="children" href="/drogerie/pece-o-telo">
                                            Péče o tělo
                                        </a>
                                    </h3>

                                                                        <div class="categories-container">

                                                <a href="/drogerie/pece-o-telo/telova-mleka-a-kremy">
                                                    Tělová mléka a krémy,
                                                </a>

                                                <a href="/drogerie/pece-o-telo/pece-o-ruce">
                                                    Péče o ruce,
                                                </a>

                                                <a href="/drogerie/pece-o-telo/pece-o-nohy">
                                                    Péče o nohy,
                                                </a>


                                                <a href="/drogerie/pece-o-telo/repelenty">
                                                    Repelenty,
                                                </a>
                                        <a href="/drogerie/pece-o-telo">...</a>
                                    </div>
                                </div>
                                <div class="product-type">
                                    <a href="/drogerie/darkove-sady" class="product-type-image">
                                        <img data-src="https://cdn.kosik.cz/content/category/svg/menu/1571.svg" alt="Dárkové sady">
                                    </a>
                                    <h3>
                                        <a class="children" href="/drogerie/darkove-sady">
                                            Dárkové sady
                                        </a>
                                    </h3>

                                                                        <div class="categories-container">

                                                <a href="/drogerie/darkove-sady/pro-zeny">
                                                    Pro ženy,
                                                </a>

                                                <a href="/drogerie/darkove-sady/pro-muze">
                                                    Pro muže,
                                                </a>

                                                <a href="/drogerie/darkove-sady/pro-deti">
                                                    Pro děti,
                                                </a>

                                                <a href="/drogerie/darkove-sady/unisex">
                                                    Unisex,
                                                </a>
                                        <a href="/drogerie/darkove-sady">...</a>
                                    </div>
                                </div>
                                <div class="product-type">
                                    <a href="/drogerie/praci-prostredky" class="product-type-image">
                                        <img data-src="https://cdn.kosik.cz/content/category/svg/menu/1456.svg" alt="Prací prostředky">
                                    </a>
                                    <h3>
                                        <a class="children" href="/drogerie/praci-prostredky">
                                            Prací prostředky
                                        </a>
                                    </h3>

                                                                        <div class="categories-container">

                                                <a href="/drogerie/praci-prostredky/prasky">
                                                    Prášky,
                                                </a>

                                                <a href="/drogerie/praci-prostredky/gely">
                                                    Gely,
                                                </a>

                                                <a href="/drogerie/praci-prostredky/kapsle">
                                                    Kapsle,
                                                </a>

                                                <a href="/drogerie/praci-prostredky/avivaze">
                                                    Aviváže,
                                                </a>

                                                <a href="/drogerie/praci-prostredky/detske-prani">
                                                    Dětské praní,
                                                </a>

                                                <a href="/drogerie/praci-prostredky/odstranovace-skvrn">
                                                    Odstraňovače skvrn,
                                                </a>
                                        <a href="/drogerie/praci-prostredky">...</a>
                                    </div>
                                </div>
                                <div class="product-type">
                                    <a href="/drogerie/cistici-prostredky" class="product-type-image">
                                        <img data-src="https://cdn.kosik.cz/content/category/svg/menu/1464.svg" alt="Čistící prostředky">
                                    </a>
                                    <h3>
                                        <a class="children" href="/drogerie/cistici-prostredky">
                                            Čistící prostředky
                                        </a>
                                    </h3>

                                                                        <div class="categories-container">

                                                <a href="/drogerie/cistici-prostredky/koupelna">
                                                    Koupelna,
                                                </a>

                                                <a href="/drogerie/cistici-prostredky/kuchyn">
                                                    Kuchyň,
                                                </a>

                                                <a href="/drogerie/cistici-prostredky/toaleta">
                                                    Toaleta,
                                                </a>

                                                <a href="/drogerie/cistici-prostredky/podlahy-a-koberce">
                                                    Podlahy a koberce,
                                                </a>

                                                <a href="/drogerie/cistici-prostredky/okna">
                                                    Okna,
                                                </a>

                                                <a href="/drogerie/cistici-prostredky/nabytek">
                                                    Nábytek,
                                                </a>

                                                <a href="/drogerie/cistici-prostredky/univerzalni">
                                                    Univerzální,
                                                </a>



                                        <a href="/drogerie/cistici-prostredky">...</a>
                                    </div>
                                </div>
                                <div class="product-type">
                                    <a href="/drogerie/myti-nadobi" class="product-type-image">
                                        <img data-src="https://cdn.kosik.cz/content/category/svg/menu/1551.svg" alt="Mytí nádobí">
                                    </a>
                                    <h3>
                                        <a class="children" href="/drogerie/myti-nadobi">
                                            Mytí nádobí
                                        </a>
                                    </h3>

                                                                        <div class="categories-container">

                                                <a href="/drogerie/myti-nadobi/prostredky-do-mycky">
                                                    Prostředky do myčky,
                                                </a>

                                                <a href="/drogerie/myti-nadobi/rucni-myti">
                                                    Ruční mytí,
                                                </a>

                                                <a href="/drogerie/myti-nadobi/hadriky-a-houbicky">
                                                    Hadříky a houbičky,
                                                </a>
                                        <a href="/drogerie/myti-nadobi">...</a>
                                    </div>
                                </div>
                                <div class="product-type">
                                    <a href="/drogerie/toaletni-papir-kapesniky-kuchynske-uterky" class="product-type-image">
                                        <img data-src="https://cdn.kosik.cz/content/category/svg/menu/1561.svg" alt="Toaletní papír, kapesníky, kuchyňské utěrky">
                                    </a>
                                    <h3>
                                        <a class="children" href="/drogerie/toaletni-papir-kapesniky-kuchynske-uterky">
                                            Toaletní papír, kapesníky, kuchyňské utěrky
                                        </a>
                                    </h3>

                                                                        <div class="categories-container">

                                                <a href="/drogerie/toaletni-papir-kapesniky-kuchynske-uterky/toaletni-papiry">
                                                    Toaletní papíry,
                                                </a>

                                                <a href="/drogerie/toaletni-papir-kapesniky-kuchynske-uterky/kapesniky">
                                                    Kapesníky,
                                                </a>

                                                <a href="/drogerie/toaletni-papir-kapesniky-kuchynske-uterky/kuchynske-uterky">
                                                    Kuchyňské utěrky,
                                                </a>
                                        <a href="/drogerie/toaletni-papir-kapesniky-kuchynske-uterky">...</a>
                                    </div>
                                </div>
                                <div class="product-type">
                                    <a href="/drogerie/sprchove-gely-mydla-peny" class="product-type-image">
                                        <img data-src="https://cdn.kosik.cz/content/category/svg/menu/1514.svg" alt="Sprchové gely, mýdla, pěny">
                                    </a>
                                    <h3>
                                        <a class="children" href="/drogerie/sprchove-gely-mydla-peny">
                                            Sprchové gely, mýdla, pěny
                                        </a>
                                    </h3>

                                                                        <div class="categories-container">

                                                <a href="/drogerie/sprchove-gely-mydla-peny/sprchove-gely">
                                                    Sprchové gely,
                                                </a>

                                                <a href="/drogerie/sprchove-gely-mydla-peny/mydla">
                                                    Mýdla,
                                                </a>

                                                <a href="/drogerie/sprchove-gely-mydla-peny/peny-a-oleje-do-koupele">
                                                    Pěny a oleje do koupele,
                                                </a>
                                        <a href="/drogerie/sprchove-gely-mydla-peny">...</a>
                                    </div>
                                </div>
                                <div class="product-type">
                                    <a href="/drogerie/pece-o-vlasy" class="product-type-image">
                                        <img data-src="https://cdn.kosik.cz/content/category/svg/menu/1523.svg" alt="Péče o vlasy">
                                    </a>
                                    <h3>
                                        <a class="children" href="/drogerie/pece-o-vlasy">
                                            Péče o vlasy
                                        </a>
                                    </h3>

                                                                        <div class="categories-container">

                                                <a href="/drogerie/pece-o-vlasy/sampony">
                                                    Šampony,
                                                </a>

                                                <a href="/drogerie/pece-o-vlasy/kondicionery">
                                                    Kondicionéry,
                                                </a>

                                                <a href="/drogerie/pece-o-vlasy/laky">
                                                    Laky,
                                                </a>

                                                <a href="/drogerie/pece-o-vlasy/tuzidla">
                                                    Tužidla,
                                                </a>

                                                <a href="/drogerie/pece-o-vlasy/gely">
                                                    Gely,
                                                </a>

                                                <a href="/drogerie/pece-o-vlasy/barvy-na-vlasy">
                                                    Barvy na vlasy,
                                                </a>
                                        <a href="/drogerie/pece-o-vlasy">...</a>
                                    </div>
                                </div>
                                <div class="product-type">
                                    <a href="/drogerie/pece-o-plet" class="product-type-image">
                                        <img data-src="https://cdn.kosik.cz/content/category/svg/menu/1541.svg" alt="Péče o pleť">
                                    </a>
                                    <h3>
                                        <a class="children" href="/drogerie/pece-o-plet">
                                            Péče o pleť
                                        </a>
                                    </h3>

                                                                        <div class="categories-container">

                                                <a href="/drogerie/pece-o-plet/pletove-kremy">
                                                    Pleťové krémy,
                                                </a>

                                                <a href="/drogerie/pece-o-plet/odlicovani">
                                                    Odličování,
                                                </a>

                                                <a href="/drogerie/pece-o-plet/masky-a-peelingy">
                                                    Masky a peelingy,
                                                </a>

                                                <a href="/drogerie/pece-o-plet/pece-o-rty">
                                                    Péče o rty,
                                                </a>

                                        <a href="/drogerie/pece-o-plet">...</a>
                                    </div>
                                </div>
                                <div class="product-type">
                                    <a href="/drogerie/ustni-hygiena" class="product-type-image">
                                        <img data-src="https://cdn.kosik.cz/content/category/svg/menu/1502.svg" alt="Ústní hygiena">
                                    </a>
                                    <h3>
                                        <a class="children" href="/drogerie/ustni-hygiena">
                                            Ústní hygiena
                                        </a>
                                    </h3>

                                                                        <div class="categories-container">

                                                <a href="/drogerie/ustni-hygiena/zubni-pasty">
                                                    Zubní pasty,
                                                </a>

                                                <a href="/drogerie/ustni-hygiena/zubni-kartacky">
                                                    Zubní kartáčky,
                                                </a>

                                                <a href="/drogerie/ustni-hygiena/ustni-vody">
                                                    Ústní vody,
                                                </a>

                                                <a href="/drogerie/ustni-hygiena/mezizubni-pece">
                                                    Mezizubní péče,
                                                </a>

                                        <a href="/drogerie/ustni-hygiena">...</a>
                                    </div>
                                </div>
                                <div class="product-type">
                                    <a href="/drogerie/deodoranty-a-antiperspiranty" class="product-type-image">
                                        <img data-src="https://cdn.kosik.cz/content/category/svg/menu/1477.svg" alt="Deodoranty a antiperspiranty">
                                    </a>
                                    <h3>
                                        <a class="children" href="/drogerie/deodoranty-a-antiperspiranty">
                                            Deodoranty a antiperspiranty
                                        </a>
                                    </h3>

                                                                        <div class="categories-container">

                                                <a href="/drogerie/deodoranty-a-antiperspiranty/damske">
                                                    Dámské,
                                                </a>

                                                <a href="/drogerie/deodoranty-a-antiperspiranty/panske">
                                                    Pánské,
                                                </a>
                                        <a href="/drogerie/deodoranty-a-antiperspiranty">...</a>
                                    </div>
                                </div>
                                <div class="product-type">
                                    <a href="/drogerie/holeni-a-epilace" class="product-type-image">
                                        <img data-src="https://cdn.kosik.cz/content/category/svg/menu/1493.svg" alt="Holení a epilace">
                                    </a>
                                    <h3>
                                        <a class="children" href="/drogerie/holeni-a-epilace">
                                            Holení a epilace
                                        </a>
                                    </h3>

                                                                        <div class="categories-container">

                                                <a href="/drogerie/holeni-a-epilace/damske">
                                                    Dámské,
                                                </a>

                                                <a href="/drogerie/holeni-a-epilace/panske">
                                                    Pánské,
                                                </a>
                                        <a href="/drogerie/holeni-a-epilace">...</a>
                                    </div>
                                </div>
                                <div class="product-type">
                                    <a href="/drogerie/damska-hygiena" class="product-type-image">
                                        <img data-src="https://cdn.kosik.cz/content/category/svg/menu/1508.svg" alt="Dámská hygiena">
                                    </a>
                                    <h3>
                                        <a class="children" href="/drogerie/damska-hygiena">
                                            Dámská hygiena
                                        </a>
                                    </h3>

                                                                        <div class="categories-container">

                                                <a href="/drogerie/damska-hygiena/vlozky">
                                                    Vložky,
                                                </a>

                                                <a href="/drogerie/damska-hygiena/tampony">
                                                    Tampóny,
                                                </a>

                                                <a href="/drogerie/damska-hygiena/intimni-hygiena">
                                                    Intimní hygiena,
                                                </a>
                                        <a href="/drogerie/damska-hygiena">...</a>
                                    </div>
                                </div>
                                <div class="product-type">
                                    <a href="/drogerie/eko-drogerie-a-kosmetika" class="product-type-image">
                                        <img data-src="https://cdn.kosik.cz/content/category/svg/menu/1488.svg" alt="Eko drogerie a kosmetika">
                                    </a>
                                    <h3>
                                        <a class="children" href="/drogerie/eko-drogerie-a-kosmetika">
                                            Eko drogerie a kosmetika
                                        </a>
                                    </h3>

                                                                        <div class="categories-container">

                                                <a href="/drogerie/eko-drogerie-a-kosmetika/prani">
                                                    Praní,
                                                </a>

                                                <a href="/drogerie/eko-drogerie-a-kosmetika/myti-nadobi">
                                                    Mytí nádobí,
                                                </a>

                                                <a href="/drogerie/eko-drogerie-a-kosmetika/cistici-prostredky">
                                                    Čistící prostředky,
                                                </a>

                                                <a href="/drogerie/eko-drogerie-a-kosmetika/prirodni-kosmetika">
                                                    Přírodní kosmetika,
                                                </a>
                                        <a href="/drogerie/eko-drogerie-a-kosmetika">...</a>
                                    </div>
                                </div>
                                <div class="product-type">
                                    <a href="/drogerie/pece-o-zdravi" class="product-type-image">
                                        <img data-src="https://cdn.kosik.cz/content/category/svg/menu/1565.svg" alt="Péče o zdraví">
                                    </a>
                                    <h3>
                                        <a class="children" href="/drogerie/pece-o-zdravi">
                                            Péče o zdraví
                                        </a>
                                    </h3>

                                                                        <div class="categories-container">

                                                <a href="/drogerie/pece-o-zdravi/intimni-chvile">
                                                    Intimní chvíle,
                                                </a>

                                                <a href="/drogerie/pece-o-zdravi/masazni-emulze">
                                                    Masážní emulze,
                                                </a>

                                                <a href="/drogerie/pece-o-zdravi/pece-o-telo-a-vlasy">
                                                    Péče o tělo a vlasy,
                                                </a>
                                        <a href="/drogerie/pece-o-zdravi">...</a>
                                    </div>
                                </div>
                            </div>
                        </div>
                    </div>
                </li>
                <li class="sub with-children"
                    data-open="false">
                    <a href="/trafika">
                        Trafika
                    </a>
                        <span class="category-toggle-sub mobile-small-nav-show"
                              onclick="this.parentNode.classList.toggle('open')">
							<i class="fa fa-angle-down" aria-hidden="true"></i>
						</span>
                    <div class="block block-droped-category">
                        <div class="block-droped-category-inner">
                            <div class="category-product-list">

                                                                <div class="product-type">
                                    <a href="/trafika/cigarety-a-tabak" class="product-type-image">
                                        <img data-src="https://cdn.kosik.cz/content/category/svg/menu/1578.svg" alt="Cigarety a tabák">
                                    </a>
                                    <h3>
                                        <a class="children" href="/trafika/cigarety-a-tabak">
                                            Cigarety a tabák
                                        </a>
                                    </h3>

                                                                    </div>
                            </div>
                        </div>
                    </div>
                </li>


        </ul>
    </div>
</div>

<script type="text/javascript">
    $(function() {
        $('.christmas-link').on('click', function () {
            if (window.innerWidth < 1025) {
                var mobileMenu = $('#big-menu');
                mobileMenu.toggleClass('open');
                basic.toggleClass((document.querySelector('body')), 'open-menu');
            }
            $('html, body').animate({
                scrollTop: $('#christmas-inspiration').offset().top - 100
            }, 2000);
            return false;
        });

    });
</script>

						<div
								class="region region-delivery-cart" id="fixed-menu">
							<div class="region-inner region-delivery-cart-inner">
								<div id="snippet--orderSlotPreviewArea">
<script>
    $(document).ready(function(){
        var nearest = $('.block-nearest-delivery');

        if(nearest.hasClass('unloaded')){
            $.nette.ajax("\/delikatesy?do=orderSlotPreview-load").done(function(){
                nearest.removeClass('unloaded')
            });
        }
    })
</script>
<div class="block block-nearest-delivery unloaded" id="snippet-orderSlotPreview-slots">
        <span class="noslot">Nejbližší termín dodání se dozvíte v <strong>průběhu objednávání</strong>. Momentálně jsme zaneprázdněni vyřizováním objednávek ostatních zákazníků.</span>
</div>
								</div>

								<div class="block-cart-dropdown" id="snippet--cartPreview">
<div class="cart-fixing-box">
	<a href="javaScript:void(0);" onclick="fixing.openBox(&quot;\/delikatesy?do=cartPreview-showCart&quot;)" id="cart-open-button" aria-hidden="true">
		<i class="fa fa-angle-down" aria-hidden="true"></i>
		<p class="units-in-cart">
			<span class="show-cart-text" data-visible="Obchod" data-hide="Zobrazit">
					Zobrazit
			</span>
			<span class="total-items-incart" id="snippet-cartPreview-totalItems"><span class="accessible">Počet položek v košíku: </span>0</span>
		</p>
	</a>
		<a class="open-cart button-simple button-red blur-modal-overlay kosik-modal-open" data-target="login-modal">
			Pokladna
		</a>
	<p class="cart-price button-simple button-green" id="snippet-cartPreview-totalPriceArea">
		<strong class="price">0,00 Kč</strong>
	</p>
</div>
<div class="cart-box fixed-top" id="cart-detail-preview">
<div id="snippet-cartPreview-cartBox"><div id="snippet-cartPreview-detail-">	<div class="cart-item-list-overlay">
		<div id="cart-items-list" class="cart-items-list min">
			<div class="cart-items-scroller">
				<h4 class="accessible">Položky v košíku</h2>
				<div class="cart-is-empty">
										Košík máte prázdný,<br>vraťte se <a href="javascript:void(0);" onclick="fixing.openBox('\/?do=cartPreview-showCart')">do obchodu</a>.
									</div>
			</div>
		</div>
<div id="snippet-cartPreview-detail-finalPrice">				<div class="make-order" id="make-order-button">
					<div class="cart-minimal">
						<p>
								Minimální cena objednávky je <b class="no-break"><strong class="price">500,00 Kč</strong></b> Kč
								<br>
								Přidejte zboží ještě alespoň za <em class="no-break"><strong class="price">500,00 Kč</strong></em>
						</p>
					</div>

						<a class="button button-red blur-modal-overlay kosik-modal-open" data-target="login-modal">
							Koupit za  0 Kč
						</a>
				</div>
			<script>
				$(document).ready(function(){
					$('.cart-control-delete, .cart-item-delete').click(function(){
						$(this).closest('li').addClass('hidden-product');
					});
				});
			</script>
</div>	</div>
	<script async>
		basic.documentReady(function () {

			if (window.innerWidth > 1024) {
				$('#delete-cart-items').on('click', function (e) {
					var message = confirm('Opravdu chcete vyprázdnit váš košík?')

					if (!message)
						e.preventDefault();
					else
						$.nette.ajax(this.dataset.href);
				});
			}
		});
	</script>
</div></div></div>
<script async>
	basic.documentReady(function(){
		fixing.init();
	});

	$(document).ajaxComplete(function(){
		fixing.reinitElements(true);
	});
</script>
								</div>
							</div>
						</div>
<div id="snippet-pASystem-"></div>					</div>

					<div class="region region-breadcrumb">
						<div class="region-inner region-breadcrumb-inner">

<ol class="kosik-breadcrumb">
    <li>
        <a href="/">Košík.cz</a>
    </li>
    <li>
        <a href="/delikatesy">
            Delikatesy
        </a>
    </li>
</ol>
<div class="clear"></div>

<script type="application/ld+json" async>
{"@context":"http://schema.org","@type":"BreadcrumbList","itemListElement":[{"@type":"ListItem","position":1,"item":{"@id":"/zbozi","name":"Zboží"}},{"@type":"ListItem","position":2,"item":{"@id":"/delikatesy","name":"Delikatesy"}}]}
</script>						</div>
					</div>

				</div>
			</div>
		</header>

		<div class="mainOuter">
			
		</div>

		<div class="zone-wrapper zone-main-wrapper clearfix" role="main">
			<a name="maincontent" id="maincontent" aria-hidden="true"></a>
	<div class="zone zone-main clearfix">

		<div class="region region-category-review-slider" role="complementary">
			<div class="region-inner region-category-review-slider-inner">
<div class="block block-product-list-category  lighter-gray-bg">
	<div class="category-review">
		<ul class="category-review-list">
			<li>
				<a href="/delikatesy/medy-dzemy-a-kremy">
					Medy, džemy a krémy				</a>
			</li>
			<li>
				<a href="/delikatesy/cokolada-a-sladkosti">
					Čokoláda a sladkosti				</a>
			</li>
			<li>
				<a href="/delikatesy/kava-a-caj">
					Káva a čaj				</a>
			</li>
			<li>
				<a href="/delikatesy/testoviny-lusteniny-a-ryze">
					Těstoviny, luštěniny a rýže				</a>
			</li>
			<li>
				<a href="/delikatesy/uzeniny-a-pastiky">
					Uzeniny a paštiky				</a>
			</li>
			<li>
				<a href="/delikatesy/syry">
					Sýry				</a>
			</li>
			<li>
				<a href="/delikatesy/omacky-a-pesta">
					Omáčky a pesta				</a>
			</li>
			<li>
				<a href="/delikatesy/oleje-a-octy">
					Oleje a octy				</a>
			</li>
			<li>
				<a href="/delikatesy/vino-a-destilaty">
					Víno a destiláty				</a>
			</li>
			<li>
				<a href="/delikatesy/koreni-a-prisady">
					Koření a přísady				</a>
			</li>
			<li>
				<a href="/delikatesy/nakladane-speciality">
					Nakládané speciality				</a>
			</li>
			<li>
				<a href="/delikatesy/orechy-a-susene-ovoce">
					Ořechy a sušené ovoce				</a>
			</li>
			<li>
				<a href="/delikatesy/ryby-morske-plody-a-sneci">
					Ryby, mořské plody a šneci				</a>
			</li>
		</ul>
	</div>
</div>				<div id="snippet--productFilterArea">
<div class="block block-product-price-filter lighter-gray-bg">
    <div class="filter-ajax-waiting">
        <div class="loading">
            <div class="loading-bar"></div>
            <div class="loading-bar"></div>
            <div class="loading-bar"></div>
            <div class="loading-bar"></div>
        </div>
    </div>
    <div class="count" id="snippet-productFilter-countArea">
        <p>389 produktů nalezeno</p>
    </div>

        <h3 aria-label="Filtr Podle ceny">Podle ceny</h3>
        <div id="snippet-productFilter-priceFinalVatConstraintFormArea">
        <form action="/delikatesy" method="post" class="ajax filter-constraint filter-range" id="frm-productFilter-priceFinalVatConstraintForm">
                                <div id="slider-value" class="slider"><input type="text" name="value[min]" style="display:none" id="value-min" value="10"><input type="text" name="value[max]" style="display:none" id="value-max" value="2900"><div data-suffix="Kč" data-minimum="10" data-maximum="2900" data-value-min="10" data-value-max="2900" data-step="10" class="range-wrapper"><div id="range-input"></div></div><span id="value-label-minValue"></span><span id="value-label-maxValue" style="float:right"></span></div>
                                <input type="hidden" name="do" value="productFilter-priceFinalVatConstraintForm-submit">
        <!--[if IE]><input type=IEbug disabled style="display:none"><![endif]-->
</form>

</div>
        <h3 aria-label="Filtr Podle značky">Podle značky</h3>
        <div id="snippet-productFilter-brandConstraintFormArea">
        <form action="/delikatesy" method="post" class="ajax filter-constraint filter-list" id="frm-productFilter-brandConstraintForm">
                <div class="filter-categories" id="filter-brand">

                                                         <div class="form-row" style="display: none;">
                            <input type="checkbox" name="value[]" onchange=" $('.filter-ajax-waiting').addClass('show');$(this).closest('form').submit();" id="frm-productFilter-brandConstraintForm-value-2393" value="2393" aria-label="!Agostino Recca (2)">
                            <label for="frm-productFilter-brandConstraintForm-value-2393">Agostino Recca (2)</label>
                        </div>


                                                         <div class="form-row" style="display: none;">
                            <input type="checkbox" name="value[]" onchange=" $('.filter-ajax-waiting').addClass('show');$(this).closest('form').submit();" id="frm-productFilter-brandConstraintForm-value-274" value="274" aria-label="!Alibona (3)">
                            <label for="frm-productFilter-brandConstraintForm-value-274">Alibona (3)</label>
                        </div>


                                                         <div class="form-row" style="display: none;">
                            <input type="checkbox" name="value[]" onchange=" $('.filter-ajax-waiting').addClass('show');$(this).closest('form').submit();" id="frm-productFilter-brandConstraintForm-value-819" value="819" aria-label="!Alimpex (1)">
                            <label for="frm-productFilter-brandConstraintForm-value-819">Alimpex (1)</label>
                        </div>


                                                         <div class="form-row" style="display: none;">
                            <input type="checkbox" name="value[]" onchange=" $('.filter-ajax-waiting').addClass('show');$(this).closest('form').submit();" id="frm-productFilter-brandConstraintForm-value-165" value="165" aria-label="!Almar (1)">
                            <label for="frm-productFilter-brandConstraintForm-value-165">Almar (1)</label>
                        </div>


                                                         <div class="form-row" style="display: none;">
                            <input type="checkbox" name="value[]" onchange=" $('.filter-ajax-waiting').addClass('show');$(this).closest('form').submit();" id="frm-productFilter-brandConstraintForm-value-3083" value="3083" aria-label="!Amaro Montenegro (1)">
                            <label for="frm-productFilter-brandConstraintForm-value-3083">Amaro Montenegro (1)</label>
                        </div>


                            <div class="form-row">
                            <input type="checkbox" name="value[]" onchange=" $('.filter-ajax-waiting').addClass('show');$(this).closest('form').submit();" id="frm-productFilter-brandConstraintForm-value-2998" value="2998" aria-label="!Apimel (6)">
                            <label for="frm-productFilter-brandConstraintForm-value-2998">Apimel (6)</label>
                        </div>


                                                         <div class="form-row" style="display: none;">
                            <input type="checkbox" name="value[]" onchange=" $('.filter-ajax-waiting').addClass('show');$(this).closest('form').submit();" id="frm-productFilter-brandConstraintForm-value-3524" value="3524" aria-label="!Ararat (1)">
                            <label for="frm-productFilter-brandConstraintForm-value-3524">Ararat (1)</label>
                        </div>


                                                         <div class="form-row" style="display: none;">
                            <input type="checkbox" name="value[]" onchange=" $('.filter-ajax-waiting').addClass('show');$(this).closest('form').submit();" id="frm-productFilter-brandConstraintForm-value-1097" value="1097" aria-label="!Arax (1)">
                            <label for="frm-productFilter-brandConstraintForm-value-1097">Arax (1)</label>
                        </div>


                                                         <div class="form-row" style="display: none;">
                            <input type="checkbox" name="value[]" onchange=" $('.filter-ajax-waiting').addClass('show');$(this).closest('form').submit();" id="frm-productFilter-brandConstraintForm-value-3101" value="3101" aria-label="!Argal (2)">
                            <label for="frm-productFilter-brandConstraintForm-value-3101">Argal (2)</label>
                        </div>


                                                         <div class="form-row" style="display: none;">
                            <input type="checkbox" name="value[]" onchange=" $('.filter-ajax-waiting').addClass('show');$(this).closest('form').submit();" id="frm-productFilter-brandConstraintForm-value-2876" value="2876" aria-label="!Arina (3)">
                            <label for="frm-productFilter-brandConstraintForm-value-2876">Arina (3)</label>
                        </div>


                                                         <div class="form-row" style="display: none;">
                            <input type="checkbox" name="value[]" onchange=" $('.filter-ajax-waiting').addClass('show');$(this).closest('form').submit();" id="frm-productFilter-brandConstraintForm-value-2155" value="2155" aria-label="!BONITAS (1)">
                            <label for="frm-productFilter-brandConstraintForm-value-2155">BONITAS (1)</label>
                        </div>


                                                         <div class="form-row" style="display: none;">
                            <input type="checkbox" name="value[]" onchange=" $('.filter-ajax-waiting').addClass('show');$(this).closest('form').submit();" id="frm-productFilter-brandConstraintForm-value-263" value="263" aria-label="!Barilla (4)">
                            <label for="frm-productFilter-brandConstraintForm-value-263">Barilla (4)</label>
                        </div>


                                                         <div class="form-row" style="display: none;">
                            <input type="checkbox" name="value[]" onchange=" $('.filter-ajax-waiting').addClass('show');$(this).closest('form').submit();" id="frm-productFilter-brandConstraintForm-value-3321" value="3321" aria-label="!Baron Philippe de Rothschild (1)">
                            <label for="frm-productFilter-brandConstraintForm-value-3321">Baron Philippe de Rothschild (1)</label>
                        </div>


                                                         <div class="form-row" style="display: none;">
                            <input type="checkbox" name="value[]" onchange=" $('.filter-ajax-waiting').addClass('show');$(this).closest('form').submit();" id="frm-productFilter-brandConstraintForm-value-500" value="500" aria-label="!Beefeater (3)">
                            <label for="frm-productFilter-brandConstraintForm-value-500">Beefeater (3)</label>
                        </div>


                                                         <div class="form-row" style="display: none;">
                            <input type="checkbox" name="value[]" onchange=" $('.filter-ajax-waiting').addClass('show');$(this).closest('form').submit();" id="frm-productFilter-brandConstraintForm-value-959" value="959" aria-label="!Belgian (2)">
                            <label for="frm-productFilter-brandConstraintForm-value-959">Belgian (2)</label>
                        </div>


                            <div class="form-row">
                            <input type="checkbox" name="value[]" onchange=" $('.filter-ajax-waiting').addClass('show');$(this).closest('form').submit();" id="frm-productFilter-brandConstraintForm-value-87" value="87" aria-label="!Bez značky (16)">
                            <label for="frm-productFilter-brandConstraintForm-value-87">Bez značky (16)</label>
                        </div>


                                                         <div class="form-row" style="display: none;">
                            <input type="checkbox" name="value[]" onchange=" $('.filter-ajax-waiting').addClass('show');$(this).closest('form').submit();" id="frm-productFilter-brandConstraintForm-value-942" value="942" aria-label="!Bio Harmonie (2)">
                            <label for="frm-productFilter-brandConstraintForm-value-942">Bio Harmonie (2)</label>
                        </div>


                                                         <div class="form-row" style="display: none;">
                            <input type="checkbox" name="value[]" onchange=" $('.filter-ajax-waiting').addClass('show');$(this).closest('form').submit();" id="frm-productFilter-brandConstraintForm-value-2759" value="2759" aria-label="!Biofarma DoRa (1)">
                            <label for="frm-productFilter-brandConstraintForm-value-2759">Biofarma DoRa (1)</label>
                        </div>


                                                         <div class="form-row" style="display: none;">
                            <input type="checkbox" name="value[]" onchange=" $('.filter-ajax-waiting').addClass('show');$(this).closest('form').submit();" id="frm-productFilter-brandConstraintForm-value-2199" value="2199" aria-label="!Bioharmonie (3)">
                            <label for="frm-productFilter-brandConstraintForm-value-2199">Bioharmonie (3)</label>
                        </div>


                                                         <div class="form-row" style="display: none;">
                            <input type="checkbox" name="value[]" onchange=" $('.filter-ajax-waiting').addClass('show');$(this).closest('form').submit();" id="frm-productFilter-brandConstraintForm-value-2697" value="2697" aria-label="!Bonne Maman (4)">
                            <label for="frm-productFilter-brandConstraintForm-value-2697">Bonne Maman (4)</label>
                        </div>


                                                         <div class="form-row" style="display: none;">
                            <input type="checkbox" name="value[]" onchange=" $('.filter-ajax-waiting').addClass('show');$(this).closest('form').submit();" id="frm-productFilter-brandConstraintForm-value-2955" value="2955" aria-label="!Broceliande (4)">
                            <label for="frm-productFilter-brandConstraintForm-value-2955">Broceliande (4)</label>
                        </div>


                                                         <div class="form-row" style="display: none;">
                            <input type="checkbox" name="value[]" onchange=" $('.filter-ajax-waiting').addClass('show');$(this).closest('form').submit();" id="frm-productFilter-brandConstraintForm-value-3490" value="3490" aria-label="!Café Intención (1)">
                            <label for="frm-productFilter-brandConstraintForm-value-3490">Café Intención (1)</label>
                        </div>


                                                         <div class="form-row" style="display: none;">
                            <input type="checkbox" name="value[]" onchange=" $('.filter-ajax-waiting').addClass('show');$(this).closest('form').submit();" id="frm-productFilter-brandConstraintForm-value-3381" value="3381" aria-label="!Café Majada (3)">
                            <label for="frm-productFilter-brandConstraintForm-value-3381">Café Majada (3)</label>
                        </div>


                            <div class="form-row">
                            <input type="checkbox" name="value[]" onchange=" $('.filter-ajax-waiting').addClass('show');$(this).closest('form').submit();" id="frm-productFilter-brandConstraintForm-value-2877" value="2877" aria-label="!Cafédirect (6)">
                            <label for="frm-productFilter-brandConstraintForm-value-2877">Cafédirect (6)</label>
                        </div>


                                                         <div class="form-row" style="display: none;">
                            <input type="checkbox" name="value[]" onchange=" $('.filter-ajax-waiting').addClass('show');$(this).closest('form').submit();" id="frm-productFilter-brandConstraintForm-value-2641" value="2641" aria-label="!Camus (1)">
                            <label for="frm-productFilter-brandConstraintForm-value-2641">Camus (1)</label>
                        </div>


                                                         <div class="form-row" style="display: none;">
                            <input type="checkbox" name="value[]" onchange=" $('.filter-ajax-waiting').addClass('show');$(this).closest('form').submit();" id="frm-productFilter-brandConstraintForm-value-2015" value="2015" aria-label="!Cantorel (1)">
                            <label for="frm-productFilter-brandConstraintForm-value-2015">Cantorel (1)</label>
                        </div>


                            <div class="form-row">
                            <input type="checkbox" name="value[]" onchange=" $('.filter-ajax-waiting').addClass('show');$(this).closest('form').submit();" id="frm-productFilter-brandConstraintForm-value-2384" value="2384" aria-label="!Casa Rinaldi (24)">
                            <label for="frm-productFilter-brandConstraintForm-value-2384">Casa Rinaldi (24)</label>
                        </div>


                                                         <div class="form-row" style="display: none;">
                            <input type="checkbox" name="value[]" onchange=" $('.filter-ajax-waiting').addClass('show');$(this).closest('form').submit();" id="frm-productFilter-brandConstraintForm-value-838" value="838" aria-label="!Castello (1)">
                            <label for="frm-productFilter-brandConstraintForm-value-838">Castello (1)</label>
                        </div>


                                                         <div class="form-row" style="display: none;">
                            <input type="checkbox" name="value[]" onchange=" $('.filter-ajax-waiting').addClass('show');$(this).closest('form').submit();" id="frm-productFilter-brandConstraintForm-value-2306" value="2306" aria-label="!Chateau (2)">
                            <label for="frm-productFilter-brandConstraintForm-value-2306">Chateau (2)</label>
                        </div>


                                                         <div class="form-row" style="display: none;">
                            <input type="checkbox" name="value[]" onchange=" $('.filter-ajax-waiting').addClass('show');$(this).closest('form').submit();" id="frm-productFilter-brandConstraintForm-value-2376" value="2376" aria-label="!Chatte (1)">
                            <label for="frm-productFilter-brandConstraintForm-value-2376">Chatte (1)</label>
                        </div>


                                                         <div class="form-row" style="display: none;">
                            <input type="checkbox" name="value[]" onchange=" $('.filter-ajax-waiting').addClass('show');$(this).closest('form').submit();" id="frm-productFilter-brandConstraintForm-value-2738" value="2738" aria-label="!Chavroux (1)">
                            <label for="frm-productFilter-brandConstraintForm-value-2738">Chavroux (1)</label>
                        </div>


                                                         <div class="form-row" style="display: none;">
                            <input type="checkbox" name="value[]" onchange=" $('.filter-ajax-waiting').addClass('show');$(this).closest('form').submit();" id="frm-productFilter-brandConstraintForm-value-530" value="530" aria-label="!Chivas Regal (2)">
                            <label for="frm-productFilter-brandConstraintForm-value-530">Chivas Regal (2)</label>
                        </div>


                                                         <div class="form-row" style="display: none;">
                            <input type="checkbox" name="value[]" onchange=" $('.filter-ajax-waiting').addClass('show');$(this).closest('form').submit();" id="frm-productFilter-brandConstraintForm-value-3079" value="3079" aria-label="!Copperhead (1)">
                            <label for="frm-productFilter-brandConstraintForm-value-3079">Copperhead (1)</label>
                        </div>


                                                         <div class="form-row" style="display: none;">
                            <input type="checkbox" name="value[]" onchange=" $('.filter-ajax-waiting').addClass('show');$(this).closest('form').submit();" id="frm-productFilter-brandConstraintForm-value-906" value="906" aria-label="!Country Life (3)">
                            <label for="frm-productFilter-brandConstraintForm-value-906">Country Life (3)</label>
                        </div>


                                                         <div class="form-row" style="display: none;">
                            <input type="checkbox" name="value[]" onchange=" $('.filter-ajax-waiting').addClass('show');$(this).closest('form').submit();" id="frm-productFilter-brandConstraintForm-value-1683" value="1683" aria-label="!Delicias (1)">
                            <label for="frm-productFilter-brandConstraintForm-value-1683">Delicias (1)</label>
                        </div>


                            <div class="form-row">
                            <input type="checkbox" name="value[]" onchange=" $('.filter-ajax-waiting').addClass('show');$(this).closest('form').submit();" id="frm-productFilter-brandConstraintForm-value-2450" value="2450" aria-label="!Diana (45)">
                            <label for="frm-productFilter-brandConstraintForm-value-2450">Diana (45)</label>
                        </div>


                                                         <div class="form-row" style="display: none;">
                            <input type="checkbox" name="value[]" onchange=" $('.filter-ajax-waiting').addClass('show');$(this).closest('form').submit();" id="frm-productFilter-brandConstraintForm-value-2923" value="2923" aria-label="!Diplomático (1)">
                            <label for="frm-productFilter-brandConstraintForm-value-2923">Diplomático (1)</label>
                        </div>


                                                         <div class="form-row" style="display: none;">
                            <input type="checkbox" name="value[]" onchange=" $('.filter-ajax-waiting').addClass('show');$(this).closest('form').submit();" id="frm-productFilter-brandConstraintForm-value-2768" value="2768" aria-label="!Dmhermes (3)">
                            <label for="frm-productFilter-brandConstraintForm-value-2768">Dmhermes (3)</label>
                        </div>


                                                         <div class="form-row" style="display: none;">
                            <input type="checkbox" name="value[]" onchange=" $('.filter-ajax-waiting').addClass('show');$(this).closest('form').submit();" id="frm-productFilter-brandConstraintForm-value-313" value="313" aria-label="!Dr. Oetker (1)">
                            <label for="frm-productFilter-brandConstraintForm-value-313">Dr. Oetker (1)</label>
                        </div>


                                                         <div class="form-row" style="display: none;">
                            <input type="checkbox" name="value[]" onchange=" $('.filter-ajax-waiting').addClass('show');$(this).closest('form').submit();" id="frm-productFilter-brandConstraintForm-value-1023" value="1023" aria-label="!Drana (1)">
                            <label for="frm-productFilter-brandConstraintForm-value-1023">Drana (1)</label>
                        </div>


                                                         <div class="form-row" style="display: none;">
                            <input type="checkbox" name="value[]" onchange=" $('.filter-ajax-waiting').addClass('show');$(this).closest('form').submit();" id="frm-productFilter-brandConstraintForm-value-2733" value="2733" aria-label="!El Pastor (2)">
                            <label for="frm-productFilter-brandConstraintForm-value-2733">El Pastor (2)</label>
                        </div>


                                                         <div class="form-row" style="display: none;">
                            <input type="checkbox" name="value[]" onchange=" $('.filter-ajax-waiting').addClass('show');$(this).closest('form').submit();" id="frm-productFilter-brandConstraintForm-value-2009" value="2009" aria-label="!Entremont (1)">
                            <label for="frm-productFilter-brandConstraintForm-value-2009">Entremont (1)</label>
                        </div>


                                                         <div class="form-row" style="display: none;">
                            <input type="checkbox" name="value[]" onchange=" $('.filter-ajax-waiting').addClass('show');$(this).closest('form').submit();" id="frm-productFilter-brandConstraintForm-value-1303" value="1303" aria-label="!F.W.Tandoori (1)">
                            <label for="frm-productFilter-brandConstraintForm-value-1303">F.W.Tandoori (1)</label>
                        </div>


                                                         <div class="form-row" style="display: none;">
                            <input type="checkbox" name="value[]" onchange=" $('.filter-ajax-waiting').addClass('show');$(this).closest('form').submit();" id="frm-productFilter-brandConstraintForm-value-2922" value="2922" aria-label="!Fassbind (2)">
                            <label for="frm-productFilter-brandConstraintForm-value-2922">Fassbind (2)</label>
                        </div>


                                                         <div class="form-row" style="display: none;">
                            <input type="checkbox" name="value[]" onchange=" $('.filter-ajax-waiting').addClass('show');$(this).closest('form').submit();" id="frm-productFilter-brandConstraintForm-value-2786" value="2786" aria-label="!Favraud (1)">
                            <label for="frm-productFilter-brandConstraintForm-value-2786">Favraud (1)</label>
                        </div>


                                                         <div class="form-row" style="display: none;">
                            <input type="checkbox" name="value[]" onchange=" $('.filter-ajax-waiting').addClass('show');$(this).closest('form').submit();" id="frm-productFilter-brandConstraintForm-value-181" value="181" aria-label="!Fazer (1)">
                            <label for="frm-productFilter-brandConstraintForm-value-181">Fazer (1)</label>
                        </div>


                                                         <div class="form-row" style="display: none;">
                            <input type="checkbox" name="value[]" onchange=" $('.filter-ajax-waiting').addClass('show');$(this).closest('form').submit();" id="frm-productFilter-brandConstraintForm-value-198" value="198" aria-label="!Ferrero (1)">
                            <label for="frm-productFilter-brandConstraintForm-value-198">Ferrero (1)</label>
                        </div>


                                                         <div class="form-row" style="display: none;">
                            <input type="checkbox" name="value[]" onchange=" $('.filter-ajax-waiting').addClass('show');$(this).closest('form').submit();" id="frm-productFilter-brandConstraintForm-value-1371" value="1371" aria-label="!Feyel (2)">
                            <label for="frm-productFilter-brandConstraintForm-value-1371">Feyel (2)</label>
                        </div>


                                                         <div class="form-row" style="display: none;">
                            <input type="checkbox" name="value[]" onchange=" $('.filter-ajax-waiting').addClass('show');$(this).closest('form').submit();" id="frm-productFilter-brandConstraintForm-value-2704" value="2704" aria-label="!Fjord Bohemia (2)">
                            <label for="frm-productFilter-brandConstraintForm-value-2704">Fjord Bohemia (2)</label>
                        </div>


                                                         <div class="form-row" style="display: none;">
                            <input type="checkbox" name="value[]" onchange=" $('.filter-ajax-waiting').addClass('show');$(this).closest('form').submit();" id="frm-productFilter-brandConstraintForm-value-1606" value="1606" aria-label="!Fragata (1)">
                            <label for="frm-productFilter-brandConstraintForm-value-1606">Fragata (1)</label>
                        </div>


                                                         <div class="form-row" style="display: none;">
                            <input type="checkbox" name="value[]" onchange=" $('.filter-ajax-waiting').addClass('show');$(this).closest('form').submit();" id="frm-productFilter-brandConstraintForm-value-143" value="143" aria-label="!Galbani (3)">
                            <label for="frm-productFilter-brandConstraintForm-value-143">Galbani (3)</label>
                        </div>


                                                         <div class="form-row" style="display: none;">
                            <input type="checkbox" name="value[]" onchange=" $('.filter-ajax-waiting').addClass('show');$(this).closest('form').submit();" id="frm-productFilter-brandConstraintForm-value-2250" value="2250" aria-label="!Glafkos (1)">
                            <label for="frm-productFilter-brandConstraintForm-value-2250">Glafkos (1)</label>
                        </div>


                                                         <div class="form-row" style="display: none;">
                            <input type="checkbox" name="value[]" onchange=" $('.filter-ajax-waiting').addClass('show');$(this).closest('form').submit();" id="frm-productFilter-brandConstraintForm-value-535" value="535" aria-label="!Glenfiddich (2)">
                            <label for="frm-productFilter-brandConstraintForm-value-535">Glenfiddich (2)</label>
                        </div>


                                                         <div class="form-row" style="display: none;">
                            <input type="checkbox" name="value[]" onchange=" $('.filter-ajax-waiting').addClass('show');$(this).closest('form').submit();" id="frm-productFilter-brandConstraintForm-value-2925" value="2925" aria-label="!Godet (1)">
                            <label for="frm-productFilter-brandConstraintForm-value-2925">Godet (1)</label>
                        </div>


                                                         <div class="form-row" style="display: none;">
                            <input type="checkbox" name="value[]" onchange=" $('.filter-ajax-waiting').addClass('show');$(this).closest('form').submit();" id="frm-productFilter-brandConstraintForm-value-2679" value="2679" aria-label="!Golden Coral (1)">
                            <label for="frm-productFilter-brandConstraintForm-value-2679">Golden Coral (1)</label>
                        </div>


                            <div class="form-row">
                            <input type="checkbox" name="value[]" onchange=" $('.filter-ajax-waiting').addClass('show');$(this).closest('form').submit();" id="frm-productFilter-brandConstraintForm-value-2365" value="2365" aria-label="!Green Dream (12)">
                            <label for="frm-productFilter-brandConstraintForm-value-2365">Green Dream (12)</label>
                        </div>


                                                         <div class="form-row" style="display: none;">
                            <input type="checkbox" name="value[]" onchange=" $('.filter-ajax-waiting').addClass('show');$(this).closest('form').submit();" id="frm-productFilter-brandConstraintForm-value-3181" value="3181" aria-label="!Hana Šindlerová (5)">
                            <label for="frm-productFilter-brandConstraintForm-value-3181">Hana Šindlerová (5)</label>
                        </div>


                                                         <div class="form-row" style="display: none;">
                            <input type="checkbox" name="value[]" onchange=" $('.filter-ajax-waiting').addClass('show');$(this).closest('form').submit();" id="frm-productFilter-brandConstraintForm-value-516" value="516" aria-label="!Havana Club (1)">
                            <label for="frm-productFilter-brandConstraintForm-value-516">Havana Club (1)</label>
                        </div>


                                                         <div class="form-row" style="display: none;">
                            <input type="checkbox" name="value[]" onchange=" $('.filter-ajax-waiting').addClass('show');$(this).closest('form').submit();" id="frm-productFilter-brandConstraintForm-value-2295" value="2295" aria-label="!Heidsieck &amp; Co (1)">
                            <label for="frm-productFilter-brandConstraintForm-value-2295">Heidsieck &amp; Co (1)</label>
                        </div>


                                                         <div class="form-row" style="display: none;">
                            <input type="checkbox" name="value[]" onchange=" $('.filter-ajax-waiting').addClass('show');$(this).closest('form').submit();" id="frm-productFilter-brandConstraintForm-value-3543" value="3543" aria-label="!Henri Raffin (3)">
                            <label for="frm-productFilter-brandConstraintForm-value-3543">Henri Raffin (3)</label>
                        </div>


                                                         <div class="form-row" style="display: none;">
                            <input type="checkbox" name="value[]" onchange=" $('.filter-ajax-waiting').addClass('show');$(this).closest('form').submit();" id="frm-productFilter-brandConstraintForm-value-2188" value="2188" aria-label="!Hradecké delikatesy (1)">
                            <label for="frm-productFilter-brandConstraintForm-value-2188">Hradecké delikatesy (1)</label>
                        </div>


                                                         <div class="form-row" style="display: none;">
                            <input type="checkbox" name="value[]" onchange=" $('.filter-ajax-waiting').addClass('show');$(this).closest('form').submit();" id="frm-productFilter-brandConstraintForm-value-2231" value="2231" aria-label="!I love hummus (1)">
                            <label for="frm-productFilter-brandConstraintForm-value-2231">I love hummus (1)</label>
                        </div>


                                                         <div class="form-row" style="display: none;">
                            <input type="checkbox" name="value[]" onchange=" $('.filter-ajax-waiting').addClass('show');$(this).closest('form').submit();" id="frm-productFilter-brandConstraintForm-value-2944" value="2944" aria-label="!Itakomachi (1)">
                            <label for="frm-productFilter-brandConstraintForm-value-2944">Itakomachi (1)</label>
                        </div>


                                                         <div class="form-row" style="display: none;">
                            <input type="checkbox" name="value[]" onchange=" $('.filter-ajax-waiting').addClass('show');$(this).closest('form').submit();" id="frm-productFilter-brandConstraintForm-value-538" value="538" aria-label="!Jack Daniel's (1)">
                            <label for="frm-productFilter-brandConstraintForm-value-538">Jack Daniel's (1)</label>
                        </div>


                                                         <div class="form-row" style="display: none;">
                            <input type="checkbox" name="value[]" onchange=" $('.filter-ajax-waiting').addClass('show');$(this).closest('form').submit();" id="frm-productFilter-brandConstraintForm-value-541" value="541" aria-label="!Johnnie Walker (1)">
                            <label for="frm-productFilter-brandConstraintForm-value-541">Johnnie Walker (1)</label>
                        </div>


                                                         <div class="form-row" style="display: none;">
                            <input type="checkbox" name="value[]" onchange=" $('.filter-ajax-waiting').addClass('show');$(this).closest('form').submit();" id="frm-productFilter-brandConstraintForm-value-3069" value="3069" aria-label="!Joseph Heler (1)">
                            <label for="frm-productFilter-brandConstraintForm-value-3069">Joseph Heler (1)</label>
                        </div>


                                                         <div class="form-row" style="display: none;">
                            <input type="checkbox" name="value[]" onchange=" $('.filter-ajax-waiting').addClass('show');$(this).closest('form').submit();" id="frm-productFilter-brandConstraintForm-value-2874" value="2874" aria-label="!Kaaswinkeltje (5)">
                            <label for="frm-productFilter-brandConstraintForm-value-2874">Kaaswinkeltje (5)</label>
                        </div>


                                                         <div class="form-row" style="display: none;">
                            <input type="checkbox" name="value[]" onchange=" $('.filter-ajax-waiting').addClass('show');$(this).closest('form').submit();" id="frm-productFilter-brandConstraintForm-value-611" value="611" aria-label="!Kaiser Franz Josef (2)">
                            <label for="frm-productFilter-brandConstraintForm-value-611">Kaiser Franz Josef (2)</label>
                        </div>


                            <div class="form-row">
                            <input type="checkbox" name="value[]" onchange=" $('.filter-ajax-waiting').addClass('show');$(this).closest('form').submit();" id="frm-productFilter-brandConstraintForm-value-299" value="299" aria-label="!Kotányi (10)">
                            <label for="frm-productFilter-brandConstraintForm-value-299">Kotányi (10)</label>
                        </div>


                                                         <div class="form-row" style="display: none;">
                            <input type="checkbox" name="value[]" onchange=" $('.filter-ajax-waiting').addClass('show');$(this).closest('form').submit();" id="frm-productFilter-brandConstraintForm-value-283" value="283" aria-label="!Kroon (1)">
                            <label for="frm-productFilter-brandConstraintForm-value-283">Kroon (1)</label>
                        </div>


                                                         <div class="form-row" style="display: none;">
                            <input type="checkbox" name="value[]" onchange=" $('.filter-ajax-waiting').addClass('show');$(this).closest('form').submit();" id="frm-productFilter-brandConstraintForm-value-2367" value="2367" aria-label="!Kulau (4)">
                            <label for="frm-productFilter-brandConstraintForm-value-2367">Kulau (4)</label>
                        </div>


                                                         <div class="form-row" style="display: none;">
                            <input type="checkbox" name="value[]" onchange=" $('.filter-ajax-waiting').addClass('show');$(this).closest('form').submit();" id="frm-productFilter-brandConstraintForm-value-2929" value="2929" aria-label="!La Cafferia (2)">
                            <label for="frm-productFilter-brandConstraintForm-value-2929">La Cafferia (2)</label>
                        </div>


                                                         <div class="form-row" style="display: none;">
                            <input type="checkbox" name="value[]" onchange=" $('.filter-ajax-waiting').addClass('show');$(this).closest('form').submit();" id="frm-productFilter-brandConstraintForm-value-3541" value="3541" aria-label="!LeGalibier (5)">
                            <label for="frm-productFilter-brandConstraintForm-value-3541">LeGalibier (5)</label>
                        </div>


                                                         <div class="form-row" style="display: none;">
                            <input type="checkbox" name="value[]" onchange=" $('.filter-ajax-waiting').addClass('show');$(this).closest('form').submit();" id="frm-productFilter-brandConstraintForm-value-3542" value="3542" aria-label="!LePetit Savoyard (2)">
                            <label for="frm-productFilter-brandConstraintForm-value-3542">LePetit Savoyard (2)</label>
                        </div>


                            <div class="form-row">
                            <input type="checkbox" name="value[]" onchange=" $('.filter-ajax-waiting').addClass('show');$(this).closest('form').submit();" id="frm-productFilter-brandConstraintForm-value-1669" value="1669" aria-label="!Lindt (15)">
                            <label for="frm-productFilter-brandConstraintForm-value-1669">Lindt (15)</label>
                        </div>


                                                         <div class="form-row" style="display: none;">
                            <input type="checkbox" name="value[]" onchange=" $('.filter-ajax-waiting').addClass('show');$(this).closest('form').submit();" id="frm-productFilter-brandConstraintForm-value-3142" value="3142" aria-label="!Lucky Alvin (3)">
                            <label for="frm-productFilter-brandConstraintForm-value-3142">Lucky Alvin (3)</label>
                        </div>


                                                         <div class="form-row" style="display: none;">
                            <input type="checkbox" name="value[]" onchange=" $('.filter-ajax-waiting').addClass('show');$(this).closest('form').submit();" id="frm-productFilter-brandConstraintForm-value-2010" value="2010" aria-label="!Lye Cross Farm (1)">
                            <label for="frm-productFilter-brandConstraintForm-value-2010">Lye Cross Farm (1)</label>
                        </div>


                                                         <div class="form-row" style="display: none;">
                            <input type="checkbox" name="value[]" onchange=" $('.filter-ajax-waiting').addClass('show');$(this).closest('form').submit();" id="frm-productFilter-brandConstraintForm-value-2225" value="2225" aria-label="!Láznička (1)">
                            <label for="frm-productFilter-brandConstraintForm-value-2225">Láznička (1)</label>
                        </div>


                                                         <div class="form-row" style="display: none;">
                            <input type="checkbox" name="value[]" onchange=" $('.filter-ajax-waiting').addClass('show');$(this).closest('form').submit();" id="frm-productFilter-brandConstraintForm-value-3324" value="3324" aria-label="!Macallan (1)">
                            <label for="frm-productFilter-brandConstraintForm-value-3324">Macallan (1)</label>
                        </div>


                                                         <div class="form-row" style="display: none;">
                            <input type="checkbox" name="value[]" onchange=" $('.filter-ajax-waiting').addClass('show');$(this).closest('form').submit();" id="frm-productFilter-brandConstraintForm-value-2655" value="2655" aria-label="!Maille (1)">
                            <label for="frm-productFilter-brandConstraintForm-value-2655">Maille (1)</label>
                        </div>


                                                         <div class="form-row" style="display: none;">
                            <input type="checkbox" name="value[]" onchange=" $('.filter-ajax-waiting').addClass('show');$(this).closest('form').submit();" id="frm-productFilter-brandConstraintForm-value-2221" value="2221" aria-label="!Mamacoffee (4)">
                            <label for="frm-productFilter-brandConstraintForm-value-2221">Mamacoffee (4)</label>
                        </div>


                                                         <div class="form-row" style="display: none;">
                            <input type="checkbox" name="value[]" onchange=" $('.filter-ajax-waiting').addClass('show');$(this).closest('form').submit();" id="frm-productFilter-brandConstraintForm-value-2712" value="2712" aria-label="!Marqués Campoalto (1)">
                            <label for="frm-productFilter-brandConstraintForm-value-2712">Marqués Campoalto (1)</label>
                        </div>


                                                         <div class="form-row" style="display: none;">
                            <input type="checkbox" name="value[]" onchange=" $('.filter-ajax-waiting').addClass('show');$(this).closest('form').submit();" id="frm-productFilter-brandConstraintForm-value-2974" value="2974" aria-label="!Martell (1)">
                            <label for="frm-productFilter-brandConstraintForm-value-2974">Martell (1)</label>
                        </div>


                                                         <div class="form-row" style="display: none;">
                            <input type="checkbox" name="value[]" onchange=" $('.filter-ajax-waiting').addClass('show');$(this).closest('form').submit();" id="frm-productFilter-brandConstraintForm-value-3058" value="3058" aria-label="!Matcha (1)">
                            <label for="frm-productFilter-brandConstraintForm-value-3058">Matcha (1)</label>
                        </div>


                                                         <div class="form-row" style="display: none;">
                            <input type="checkbox" name="value[]" onchange=" $('.filter-ajax-waiting').addClass('show');$(this).closest('form').submit();" id="frm-productFilter-brandConstraintForm-value-2389" value="2389" aria-label="!Mazza Alimentari (1)">
                            <label for="frm-productFilter-brandConstraintForm-value-2389">Mazza Alimentari (1)</label>
                        </div>


                                                         <div class="form-row" style="display: none;">
                            <input type="checkbox" name="value[]" onchange=" $('.filter-ajax-waiting').addClass('show');$(this).closest('form').submit();" id="frm-productFilter-brandConstraintForm-value-3283" value="3283" aria-label="!Medjoul (1)">
                            <label for="frm-productFilter-brandConstraintForm-value-3283">Medjoul (1)</label>
                        </div>


                                                         <div class="form-row" style="display: none;">
                            <input type="checkbox" name="value[]" onchange=" $('.filter-ajax-waiting').addClass('show');$(this).closest('form').submit();" id="frm-productFilter-brandConstraintForm-value-211" value="211" aria-label="!Merci (5)">
                            <label for="frm-productFilter-brandConstraintForm-value-211">Merci (5)</label>
                        </div>


                                                         <div class="form-row" style="display: none;">
                            <input type="checkbox" name="value[]" onchange=" $('.filter-ajax-waiting').addClass('show');$(this).closest('form').submit();" id="frm-productFilter-brandConstraintForm-value-2722" value="2722" aria-label="!Merci Chef! (1)">
                            <label for="frm-productFilter-brandConstraintForm-value-2722">Merci Chef! (1)</label>
                        </div>


                                                         <div class="form-row" style="display: none;">
                            <input type="checkbox" name="value[]" onchange=" $('.filter-ajax-waiting').addClass('show');$(this).closest('form').submit();" id="frm-productFilter-brandConstraintForm-value-496" value="496" aria-label="!Metaxa (1)">
                            <label for="frm-productFilter-brandConstraintForm-value-496">Metaxa (1)</label>
                        </div>


                                                         <div class="form-row" style="display: none;">
                            <input type="checkbox" name="value[]" onchange=" $('.filter-ajax-waiting').addClass('show');$(this).closest('form').submit();" id="frm-productFilter-brandConstraintForm-value-333" value="333" aria-label="!Mida's (4)">
                            <label for="frm-productFilter-brandConstraintForm-value-333">Mida's (4)</label>
                        </div>


                                                         <div class="form-row" style="display: none;">
                            <input type="checkbox" name="value[]" onchange=" $('.filter-ajax-waiting').addClass('show');$(this).closest('form').submit();" id="frm-productFilter-brandConstraintForm-value-1582" value="1582" aria-label="!Monki (1)">
                            <label for="frm-productFilter-brandConstraintForm-value-1582">Monki (1)</label>
                        </div>


                                                         <div class="form-row" style="display: none;">
                            <input type="checkbox" name="value[]" onchange=" $('.filter-ajax-waiting').addClass('show');$(this).closest('form').submit();" id="frm-productFilter-brandConstraintForm-value-3186" value="3186" aria-label="!Moravia Lacto (1)">
                            <label for="frm-productFilter-brandConstraintForm-value-3186">Moravia Lacto (1)</label>
                        </div>


                                                         <div class="form-row" style="display: none;">
                            <input type="checkbox" name="value[]" onchange=" $('.filter-ajax-waiting').addClass('show');$(this).closest('form').submit();" id="frm-productFilter-brandConstraintForm-value-489" value="489" aria-label="!Mucha (1)">
                            <label for="frm-productFilter-brandConstraintForm-value-489">Mucha (1)</label>
                        </div>


                                                         <div class="form-row" style="display: none;">
                            <input type="checkbox" name="value[]" onchange=" $('.filter-ajax-waiting').addClass('show');$(this).closest('form').submit();" id="frm-productFilter-brandConstraintForm-value-2737" value="2737" aria-label="!Mélusine (1)">
                            <label for="frm-productFilter-brandConstraintForm-value-2737">Mélusine (1)</label>
                        </div>


                            <div class="form-row">
                            <input type="checkbox" name="value[]" onchange=" $('.filter-ajax-waiting').addClass('show');$(this).closest('form').submit();" id="frm-productFilter-brandConstraintForm-value-1256" value="1256" aria-label="!Nekton (18)">
                            <label for="frm-productFilter-brandConstraintForm-value-1256">Nekton (18)</label>
                        </div>


                                                         <div class="form-row" style="display: none;">
                            <input type="checkbox" name="value[]" onchange=" $('.filter-ajax-waiting').addClass('show');$(this).closest('form').submit();" id="frm-productFilter-brandConstraintForm-value-2011" value="2011" aria-label="!Old Amsterdam (1)">
                            <label for="frm-productFilter-brandConstraintForm-value-2011">Old Amsterdam (1)</label>
                        </div>


                                                         <div class="form-row" style="display: none;">
                            <input type="checkbox" name="value[]" onchange=" $('.filter-ajax-waiting').addClass('show');$(this).closest('form').submit();" id="frm-productFilter-brandConstraintForm-value-102" value="102" aria-label="!Olma (2)">
                            <label for="frm-productFilter-brandConstraintForm-value-102">Olma (2)</label>
                        </div>


                                                         <div class="form-row" style="display: none;">
                            <input type="checkbox" name="value[]" onchange=" $('.filter-ajax-waiting').addClass('show');$(this).closest('form').submit();" id="frm-productFilter-brandConstraintForm-value-2391" value="2391" aria-label="!Orto Conserviera (2)">
                            <label for="frm-productFilter-brandConstraintForm-value-2391">Orto Conserviera (2)</label>
                        </div>


                                                         <div class="form-row" style="display: none;">
                            <input type="checkbox" name="value[]" onchange=" $('.filter-ajax-waiting').addClass('show');$(this).closest('form').submit();" id="frm-productFilter-brandConstraintForm-value-2646" value="2646" aria-label="!Osborne (1)">
                            <label for="frm-productFilter-brandConstraintForm-value-2646">Osborne (1)</label>
                        </div>


                                                         <div class="form-row" style="display: none;">
                            <input type="checkbox" name="value[]" onchange=" $('.filter-ajax-waiting').addClass('show');$(this).closest('form').submit();" id="frm-productFilter-brandConstraintForm-value-264" value="264" aria-label="!Panzani (1)">
                            <label for="frm-productFilter-brandConstraintForm-value-264">Panzani (1)</label>
                        </div>


                                                         <div class="form-row" style="display: none;">
                            <input type="checkbox" name="value[]" onchange=" $('.filter-ajax-waiting').addClass('show');$(this).closest('form').submit();" id="frm-productFilter-brandConstraintForm-value-1688" value="1688" aria-label="!Papadimitriou (2)">
                            <label for="frm-productFilter-brandConstraintForm-value-1688">Papadimitriou (2)</label>
                        </div>


                                                         <div class="form-row" style="display: none;">
                            <input type="checkbox" name="value[]" onchange=" $('.filter-ajax-waiting').addClass('show');$(this).closest('form').submit();" id="frm-productFilter-brandConstraintForm-value-3019" value="3019" aria-label="!Papei (2)">
                            <label for="frm-productFilter-brandConstraintForm-value-3019">Papei (2)</label>
                        </div>


                                                         <div class="form-row" style="display: none;">
                            <input type="checkbox" name="value[]" onchange=" $('.filter-ajax-waiting').addClass('show');$(this).closest('form').submit();" id="frm-productFilter-brandConstraintForm-value-3294" value="3294" aria-label="!Parmareggio (4)">
                            <label for="frm-productFilter-brandConstraintForm-value-3294">Parmareggio (4)</label>
                        </div>


                                                         <div class="form-row" style="display: none;">
                            <input type="checkbox" name="value[]" onchange=" $('.filter-ajax-waiting').addClass('show');$(this).closest('form').submit();" id="frm-productFilter-brandConstraintForm-value-159" value="159" aria-label="!Paté Du Chef (3)">
                            <label for="frm-productFilter-brandConstraintForm-value-159">Paté Du Chef (3)</label>
                        </div>


                                                         <div class="form-row" style="display: none;">
                            <input type="checkbox" name="value[]" onchange=" $('.filter-ajax-waiting').addClass('show');$(this).closest('form').submit();" id="frm-productFilter-brandConstraintForm-value-2931" value="2931" aria-label="!Pons (1)">
                            <label for="frm-productFilter-brandConstraintForm-value-2931">Pons (1)</label>
                        </div>


                                                         <div class="form-row" style="display: none;">
                            <input type="checkbox" name="value[]" onchange=" $('.filter-ajax-waiting').addClass('show');$(this).closest('form').submit();" id="frm-productFilter-brandConstraintForm-value-2634" value="2634" aria-label="!Ponti (2)">
                            <label for="frm-productFilter-brandConstraintForm-value-2634">Ponti (2)</label>
                        </div>


                                                         <div class="form-row" style="display: none;">
                            <input type="checkbox" name="value[]" onchange=" $('.filter-ajax-waiting').addClass('show');$(this).closest('form').submit();" id="frm-productFilter-brandConstraintForm-value-2475" value="2475" aria-label="!Porto Valdouro (1)">
                            <label for="frm-productFilter-brandConstraintForm-value-2475">Porto Valdouro (1)</label>
                        </div>


                            <div class="form-row">
                            <input type="checkbox" name="value[]" onchange=" $('.filter-ajax-waiting').addClass('show');$(this).closest('form').submit();" id="frm-productFilter-brandConstraintForm-value-141" value="141" aria-label="!Président (6)">
                            <label for="frm-productFilter-brandConstraintForm-value-141">Président (6)</label>
                        </div>


                                                         <div class="form-row" style="display: none;">
                            <input type="checkbox" name="value[]" onchange=" $('.filter-ajax-waiting').addClass('show');$(this).closest('form').submit();" id="frm-productFilter-brandConstraintForm-value-3023" value="3023" aria-label="!R3ptile (1)">
                            <label for="frm-productFilter-brandConstraintForm-value-3023">R3ptile (1)</label>
                        </div>


                                                         <div class="form-row" style="display: none;">
                            <input type="checkbox" name="value[]" onchange=" $('.filter-ajax-waiting').addClass('show');$(this).closest('form').submit();" id="frm-productFilter-brandConstraintForm-value-3178" value="3178" aria-label="!RUMMO (4)">
                            <label for="frm-productFilter-brandConstraintForm-value-3178">RUMMO (4)</label>
                        </div>


                                                         <div class="form-row" style="display: none;">
                            <input type="checkbox" name="value[]" onchange=" $('.filter-ajax-waiting').addClass('show');$(this).closest('form').submit();" id="frm-productFilter-brandConstraintForm-value-2970" value="2970" aria-label="!Ramazzotti (1)">
                            <label for="frm-productFilter-brandConstraintForm-value-2970">Ramazzotti (1)</label>
                        </div>


                                                         <div class="form-row" style="display: none;">
                            <input type="checkbox" name="value[]" onchange=" $('.filter-ajax-waiting').addClass('show');$(this).closest('form').submit();" id="frm-productFilter-brandConstraintForm-value-3116" value="3116" aria-label="!Real Thai (1)">
                            <label for="frm-productFilter-brandConstraintForm-value-3116">Real Thai (1)</label>
                        </div>


                                                         <div class="form-row" style="display: none;">
                            <input type="checkbox" name="value[]" onchange=" $('.filter-ajax-waiting').addClass('show');$(this).closest('form').submit();" id="frm-productFilter-brandConstraintForm-value-2065" value="2065" aria-label="!Riso Scotti (2)">
                            <label for="frm-productFilter-brandConstraintForm-value-2065">Riso Scotti (2)</label>
                        </div>


                                                         <div class="form-row" style="display: none;">
                            <input type="checkbox" name="value[]" onchange=" $('.filter-ajax-waiting').addClass('show');$(this).closest('form').submit();" id="frm-productFilter-brandConstraintForm-value-552" value="552" aria-label="!Royal Oporto (1)">
                            <label for="frm-productFilter-brandConstraintForm-value-552">Royal Oporto (1)</label>
                        </div>


                                                         <div class="form-row" style="display: none;">
                            <input type="checkbox" name="value[]" onchange=" $('.filter-ajax-waiting').addClass('show');$(this).closest('form').submit();" id="frm-productFilter-brandConstraintForm-value-166" value="166" aria-label="!Rybex (4)">
                            <label for="frm-productFilter-brandConstraintForm-value-166">Rybex (4)</label>
                        </div>


                                                         <div class="form-row" style="display: none;">
                            <input type="checkbox" name="value[]" onchange=" $('.filter-ajax-waiting').addClass('show');$(this).closest('form').submit();" id="frm-productFilter-brandConstraintForm-value-497" value="497" aria-label="!Rémy Martin (1)">
                            <label for="frm-productFilter-brandConstraintForm-value-497">Rémy Martin (1)</label>
                        </div>


                                                         <div class="form-row" style="display: none;">
                            <input type="checkbox" name="value[]" onchange=" $('.filter-ajax-waiting').addClass('show');$(this).closest('form').submit();" id="frm-productFilter-brandConstraintForm-value-3536" value="3536" aria-label="!Sanpareil (1)">
                            <label for="frm-productFilter-brandConstraintForm-value-3536">Sanpareil (1)</label>
                        </div>


                                                         <div class="form-row" style="display: none;">
                            <input type="checkbox" name="value[]" onchange=" $('.filter-ajax-waiting').addClass('show');$(this).closest('form').submit();" id="frm-productFilter-brandConstraintForm-value-3555" value="3555" aria-label="!Snails day (4)">
                            <label for="frm-productFilter-brandConstraintForm-value-3555">Snails day (4)</label>
                        </div>


                                                         <div class="form-row" style="display: none;">
                            <input type="checkbox" name="value[]" onchange=" $('.filter-ajax-waiting').addClass('show');$(this).closest('form').submit();" id="frm-productFilter-brandConstraintForm-value-2370" value="2370" aria-label="!Société (1)">
                            <label for="frm-productFilter-brandConstraintForm-value-2370">Société (1)</label>
                        </div>


                                                         <div class="form-row" style="display: none;">
                            <input type="checkbox" name="value[]" onchange=" $('.filter-ajax-waiting').addClass('show');$(this).closest('form').submit();" id="frm-productFilter-brandConstraintForm-value-2620" value="2620" aria-label="!Sorini (1)">
                            <label for="frm-productFilter-brandConstraintForm-value-2620">Sorini (1)</label>
                        </div>


                                                         <div class="form-row" style="display: none;">
                            <input type="checkbox" name="value[]" onchange=" $('.filter-ajax-waiting').addClass('show');$(this).closest('form').submit();" id="frm-productFilter-brandConstraintForm-value-2411" value="2411" aria-label="!St. Dalfour (5)">
                            <label for="frm-productFilter-brandConstraintForm-value-2411">St. Dalfour (5)</label>
                        </div>


                                                         <div class="form-row" style="display: none;">
                            <input type="checkbox" name="value[]" onchange=" $('.filter-ajax-waiting').addClass('show');$(this).closest('form').submit();" id="frm-productFilter-brandConstraintForm-value-2223" value="2223" aria-label="!Statek Horní Dvorce (4)">
                            <label for="frm-productFilter-brandConstraintForm-value-2223">Statek Horní Dvorce (4)</label>
                        </div>


                                                         <div class="form-row" style="display: none;">
                            <input type="checkbox" name="value[]" onchange=" $('.filter-ajax-waiting').addClass('show');$(this).closest('form').submit();" id="frm-productFilter-brandConstraintForm-value-2875" value="2875" aria-label="!Stolwijkse (3)">
                            <label for="frm-productFilter-brandConstraintForm-value-2875">Stolwijkse (3)</label>
                        </div>


                                                         <div class="form-row" style="display: none;">
                            <input type="checkbox" name="value[]" onchange=" $('.filter-ajax-waiting').addClass('show');$(this).closest('form').submit();" id="frm-productFilter-brandConstraintForm-value-3263" value="3263" aria-label="!Tello (2)">
                            <label for="frm-productFilter-brandConstraintForm-value-3263">Tello (2)</label>
                        </div>


                                                         <div class="form-row" style="display: none;">
                            <input type="checkbox" name="value[]" onchange=" $('.filter-ajax-waiting').addClass('show');$(this).closest('form').submit();" id="frm-productFilter-brandConstraintForm-value-2464" value="2464" aria-label="!Torres (1)">
                            <label for="frm-productFilter-brandConstraintForm-value-2464">Torres (1)</label>
                        </div>


                                                         <div class="form-row" style="display: none;">
                            <input type="checkbox" name="value[]" onchange=" $('.filter-ajax-waiting').addClass('show');$(this).closest('form').submit();" id="frm-productFilter-brandConstraintForm-value-549" value="549" aria-label="!Tullamore Dew (1)">
                            <label for="frm-productFilter-brandConstraintForm-value-549">Tullamore Dew (1)</label>
                        </div>


                                                         <div class="form-row" style="display: none;">
                            <input type="checkbox" name="value[]" onchange=" $('.filter-ajax-waiting').addClass('show');$(this).closest('form').submit();" id="frm-productFilter-brandConstraintForm-value-2644" value="2644" aria-label="!United Brands (1)">
                            <label for="frm-productFilter-brandConstraintForm-value-2644">United Brands (1)</label>
                        </div>


                                                         <div class="form-row" style="display: none;">
                            <input type="checkbox" name="value[]" onchange=" $('.filter-ajax-waiting').addClass('show');$(this).closest('form').submit();" id="frm-productFilter-brandConstraintForm-value-2385" value="2385" aria-label="!Ursini (1)">
                            <label for="frm-productFilter-brandConstraintForm-value-2385">Ursini (1)</label>
                        </div>


                                                         <div class="form-row" style="display: none;">
                            <input type="checkbox" name="value[]" onchange=" $('.filter-ajax-waiting').addClass('show');$(this).closest('form').submit();" id="frm-productFilter-brandConstraintForm-value-2402" value="2402" aria-label="!Vergnano (1)">
                            <label for="frm-productFilter-brandConstraintForm-value-2402">Vergnano (1)</label>
                        </div>


                                                         <div class="form-row" style="display: none;">
                            <input type="checkbox" name="value[]" onchange=" $('.filter-ajax-waiting').addClass('show');$(this).closest('form').submit();" id="frm-productFilter-brandConstraintForm-value-620" value="620" aria-label="!Vici (2)">
                            <label for="frm-productFilter-brandConstraintForm-value-620">Vici (2)</label>
                        </div>


                                                         <div class="form-row" style="display: none;">
                            <input type="checkbox" name="value[]" onchange=" $('.filter-ajax-waiting').addClass('show');$(this).closest('form').submit();" id="frm-productFilter-brandConstraintForm-value-602" value="602" aria-label="!Victor Schmidt (1)">
                            <label for="frm-productFilter-brandConstraintForm-value-602">Victor Schmidt (1)</label>
                        </div>


                                                         <div class="form-row" style="display: none;">
                            <input type="checkbox" name="value[]" onchange=" $('.filter-ajax-waiting').addClass('show');$(this).closest('form').submit();" id="frm-productFilter-brandConstraintForm-value-2774" value="2774" aria-label="!Viktor Schmidt (1)">
                            <label for="frm-productFilter-brandConstraintForm-value-2774">Viktor Schmidt (1)</label>
                        </div>


                                                         <div class="form-row" style="display: none;">
                            <input type="checkbox" name="value[]" onchange=" $('.filter-ajax-waiting').addClass('show');$(this).closest('form').submit();" id="frm-productFilter-brandConstraintForm-value-2134" value="2134" aria-label="!Villaregia (1)">
                            <label for="frm-productFilter-brandConstraintForm-value-2134">Villaregia (1)</label>
                        </div>


                                                         <div class="form-row" style="display: none;">
                            <input type="checkbox" name="value[]" onchange=" $('.filter-ajax-waiting').addClass('show');$(this).closest('form').submit();" id="frm-productFilter-brandConstraintForm-value-2196" value="2196" aria-label="!Vivani (1)">
                            <label for="frm-productFilter-brandConstraintForm-value-2196">Vivani (1)</label>
                        </div>


                                                         <div class="form-row" style="display: none;">
                            <input type="checkbox" name="value[]" onchange=" $('.filter-ajax-waiting').addClass('show');$(this).closest('form').submit();" id="frm-productFilter-brandConstraintForm-value-481" value="481" aria-label="!Viña Tarapacá (1)">
                            <label for="frm-productFilter-brandConstraintForm-value-481">Viña Tarapacá (1)</label>
                        </div>


                                                         <div class="form-row" style="display: none;">
                            <input type="checkbox" name="value[]" onchange=" $('.filter-ajax-waiting').addClass('show');$(this).closest('form').submit();" id="frm-productFilter-brandConstraintForm-value-1248" value="1248" aria-label="!Wild Turkey (1)">
                            <label for="frm-productFilter-brandConstraintForm-value-1248">Wild Turkey (1)</label>
                        </div>


                                                         <div class="form-row" style="display: none;">
                            <input type="checkbox" name="value[]" onchange=" $('.filter-ajax-waiting').addClass('show');$(this).closest('form').submit();" id="frm-productFilter-brandConstraintForm-value-2924" value="2924" aria-label="!Zacapa (1)">
                            <label for="frm-productFilter-brandConstraintForm-value-2924">Zacapa (1)</label>
                        </div>


                                                         <div class="form-row" style="display: none;">
                            <input type="checkbox" name="value[]" onchange=" $('.filter-ajax-waiting').addClass('show');$(this).closest('form').submit();" id="frm-productFilter-brandConstraintForm-value-1351" value="1351" aria-label="!Zanetti (1)">
                            <label for="frm-productFilter-brandConstraintForm-value-1351">Zanetti (1)</label>
                        </div>


                                                         <div class="form-row" style="display: none;">
                            <input type="checkbox" name="value[]" onchange=" $('.filter-ajax-waiting').addClass('show');$(this).closest('form').submit();" id="frm-productFilter-brandConstraintForm-value-2152" value="2152" aria-label="!pure coco (1)">
                            <label for="frm-productFilter-brandConstraintForm-value-2152">pure coco (1)</label>
                        </div>


                                                         <div class="form-row" style="display: none;">
                            <input type="checkbox" name="value[]" onchange=" $('.filter-ajax-waiting').addClass('show');$(this).closest('form').submit();" id="frm-productFilter-brandConstraintForm-value-3104" value="3104" aria-label="!skare (2)">
                            <label for="frm-productFilter-brandConstraintForm-value-3104">skare (2)</label>
                        </div>

																<a class="show-more-brands link-red">více značek</a>
																<a class="show-less-brands link-red" style="display: none;">méně značek</a>
                            <br><br>
                            <a class="link-red align-right" href="/delikatesy?do=productFilter-reset">zrušit filtr</a>
                </div>
                                <input type="hidden" name="do" value="productFilter-brandConstraintForm-submit">
        <!--[if IE]><input type=IEbug disabled style="display:none"><![endif]-->
</form>

</div>
                                                                    </div>
<script type="text/javascript" id="snippet-productFilter-scriptArea">
	$('.filter-more-result-column').hide();

//    $(document).ready(function () {
        $(document).ajaxComplete(function() {

            $('.filter-ajax-waiting').removeClass('show');


            var brandClass = 'show';
            var formRowClass = 'form-row';
            var filterCategoriesClass = 'filter-categories';
            var buttonsShowMoreClass = 'show-more-brands';
            var buttonsShowLessClass = 'show-less-brands';
            var filters = $('.filter-more-result');
            var defaultFilterInputs = {"brand":[2450,2384,1256,87,1669,2365,299,141,2877,2998]};

            function hideCheckboxes(rows, key) {

                if (rows.legnth <= 10) {
                    return;
                }

            rows.each(function (i, e) {
                var val = +$(e).find("input").val();
                var arr = defaultFilterInputs[key];

                if ($.inArray(val, arr) === -1) {
                    $(e).hide();
                }
            });
        }

            $('.' + buttonsShowMoreClass).on('click', function (e) {
                e.stopPropagation();

                var filterCategories = $(this).closest('.' + filterCategoriesClass);

                for (var key in defaultFilterInputs) {
                    if (defaultFilterInputs.hasOwnProperty(key)) {
                        if (filterCategories.attr("id") === "filter-" + key) {
                            continue;
                        }
                        var rows = $('#filter-' + key + ' .' + formRowClass);
                        hideCheckboxes(rows, key);
                        $('#filter-' + key + ' .' + buttonsShowMoreClass).show();
                    }
                }

                filterCategories
                        .find('.' + formRowClass)
                        .show();

                $('.' + buttonsShowLessClass).hide();

                filterCategories
                        .find('.' + buttonsShowLessClass)
                        .show();

                $(this).hide();
            });


            $('.' + buttonsShowLessClass).on('click', function (e) {
                e.stopPropagation();

                var filterCategories = $(this).closest('.' + filterCategoriesClass);
                var key = filterCategories.attr("id").split("-")[1];
                var rows = filterCategories.find('.' + formRowClass);

                hideCheckboxes(rows, key);

                filterCategories
                        .find('.' + buttonsShowMoreClass)
                        .show();

                $(this).hide();
            });

            filters.on('click', function(e){
                e.stopPropagation();
            });

            $('html, body').on('click', function(){
                filters.removeClass(brandClass);
            });

            $('.filter-more-result .kosik-modal-close').on('click', function () {
                filters.removeClass(brandClass);
            });

            $('.filter-constraint').each(function () {
                enableAutoSubmit('#' + $(this).attr('id'));
            });

            function enableAutoSubmit(selector) {

                if ($(selector).hasClass('filter-range')) {
                    $(document).on('mouseup', selector, function () {
                        $('.filter-ajax-waiting').addClass('show');
                        $(this).closest('form').submit();
                    });
                }

//                $(document).ajaxComplete(function(){
//                    $('.filter-ajax-waiting').removeClass('show');
//                })
            }
        });
//    });
</script>
				</div>
			</div>
		</div>

		<div class="region-products-popular">
<a data-href="/delikatesy?banner-id=43199&amp;do=banner-modal" data-target="farm-productModal" onclick="kosikAjax.click(this, initModalCarousel(this))"><img src="https://cdn.kosik.cz/content/category-banner/png/default/654.png" alt="whiskas"></a><br><br>

<div class="kosik-modal-overlay product-modal" id="farm-productModal" role="dialog">
	<div class="kosik-modal-inner large super-scaled" id="snippet-banner-productModalArea">
	</div>
</div>		<div class="region region-carousel region-products no-aside product-widget">
			<div class="home-product-widget region-inner region-products-inner slick-carousel" data-open="3" data-close="4">
				<div class="block block-title">
					<h3>Sýry</h3>
				</div>
<script async>

    var onProductModalDestroy = function() {

    	var pageData = window.dataLayer[0];

        pageData["event"] = "ga.pageview";
        pageData["pagePath"] = window.location.pathname;
        pageData["pageTitle"] = window.document.title;

	    dataLayer.push(pageData);
    };
</script>
<div class="block block-product-items product-items" data-ajax-append="product-item" id="snippet-productWidget-widgetCarousel-1-productListArea">
    <div id="product-append-26741" class="product-item">
        <div class="product-item-flags">
        </div>
        <div class="product-item-image">
                <a data-href="/delikatesy?productWidget-widgetCarousel-1-id=26741&amp;do=productWidget-widgetCarousel-1-modal"
                   data-target="productWidget-widgetCarousel-1-productModal"
                   data-product-id="26741"
                   data-product-price="119.9"
                   data-page-title="Chavroux Kozí sýr s fíky 150g"
                   data-page-path="/produkt/26741-chavroux-kozi-syr-s-fiky-150g"
                   data-user-id=""
                   aria-hidden="true"
                   data-kosikmodal-onclose="onProductModalDestroy"
                   onclick="kosikAjax.click(this, initModalCarousel(this))">
                    <img src="https://cdn.kosik.cz/content/product/jpg/list/placeholder.jpg" data-src="https://cdn.kosik.cz/content/product/jpg/list/43964.jpg" alt="Chavroux Kozí sýr s fíky 150g" class="loading-images loading-image">
                </a>




        </div>
                <div class="product-item-info">
                <h5><a href="javascript:void(0)" aria-label="Chavroux Kozí sýr s fíky 150g" data-href="/delikatesy?productWidget-widgetCarousel-1-id=26741&amp;do=productWidget-widgetCarousel-1-modal" class="product-name modal-link"
                   data-target="productWidget-widgetCarousel-1-productModal" onclick="kosikAjax.click(this, initModalCarousel(this))">
                    Chavroux Kozí sýr s fíky 150g
                    
                </a></h5>
            <p class="product-item-price ">
                <span class="price-before-discount">
				</span>
                <strong class="price">119,90 Kč</strong>

            </p>
            <p class="product-item-unit">
                    (<strong class="price">799,30 Kč</strong> / kg)
            </p>
                        <div class="product-list-rating">
            </div>
<div id="snippet-productWidget-widgetCarousel-1-buy-26741-quantity">        <div class="product-quantity-control">
            <form action="/delikatesy" method="post" class="ajax" id="frm-productWidget-widgetCarousel-1-buy-26741-quantityForm">
                <input type="text" name="quantity" size="3" id="frm-productWidget-widgetCarousel-1-buy-26741-quantityForm-quantity" data-nette-rules='[{"op":":integer","msg":"Množství musí být číslo."}]' value="1" aria-label="počet k přidání">
                <input type="submit" name="_submit" value="Přidat" class="product-quantity-control-submit plus" aria-label="přidat počet do košíku">
            <input type="hidden" name="do" value="productWidget-widgetCarousel-1-buy-26741-quantityForm-submit"><!--[if IE]><input type=IEbug disabled style="display:none"><![endif]-->
</form>

        </div>
</div>
                <p class="product-incart-info accessible">Produkt nemáte v košíku</p>


        </div>

        
    </div>
    <div id="product-append-26738" class="product-item">
        <div class="product-item-flags">
        </div>
        <div class="product-item-image">
                <a data-href="/delikatesy?productWidget-widgetCarousel-1-id=26738&amp;do=productWidget-widgetCarousel-1-modal"
                   data-target="productWidget-widgetCarousel-1-productModal"
                   data-product-id="26738"
                   data-product-price="94.9"
                   data-page-title="Mélusine Soignon Buchette Zrající kozí sýr s bílou plísní na povrchu 180g"
                   data-page-path="/produkt/26738-melusine-soignon-buchette-zrajici-kozi-syr-s-bilou-plisni-na-povrchu-180g"
                   data-user-id=""
                   aria-hidden="true"
                   data-kosikmodal-onclose="onProductModalDestroy"
                   onclick="kosikAjax.click(this, initModalCarousel(this))">
                    <img src="https://cdn.kosik.cz/content/product/jpg/list/placeholder.jpg" data-src="https://cdn.kosik.cz/content/product/jpg/list/43961.jpg" alt="Mélusine Soignon Buchette Zrající kozí sýr s bílou plísní na povrchu 180g" class="loading-images loading-image">
                </a>




        </div>
                <div class="product-item-info">
                <h5><a href="javascript:void(0)" aria-label="Mélusine Soignon Buchette Zrající kozí sýr s bílou plísní na povrchu 180g" data-href="/delikatesy?productWidget-widgetCarousel-1-id=26738&amp;do=productWidget-widgetCarousel-1-modal" class="product-name modal-link"
                   data-target="productWidget-widgetCarousel-1-productModal" onclick="kosikAjax.click(this, initModalCarousel(this))">
                    Mélusine Soignon Buchette Zrající kozí sýr s bílou plísní na povrchu 180g
                    
                </a></h5>
            <p class="product-item-price ">
                <span class="price-before-discount">
				</span>
                <strong class="price">94,90 Kč</strong>

            </p>
            <p class="product-item-unit">
                    (<strong class="price">527,20 Kč</strong> / kg)
            </p>
                        <div class="product-list-rating">
            </div>
<div id="snippet-productWidget-widgetCarousel-1-buy-26738-quantity">        <div class="product-quantity-control">
            <form action="/delikatesy" method="post" class="ajax" id="frm-productWidget-widgetCarousel-1-buy-26738-quantityForm">
                <input type="text" name="quantity" size="3" id="frm-productWidget-widgetCarousel-1-buy-26738-quantityForm-quantity" data-nette-rules='[{"op":":integer","msg":"Množství musí být číslo."}]' value="1" aria-label="počet k přidání">
                <input type="submit" name="_submit" value="Přidat" class="product-quantity-control-submit plus" aria-label="přidat počet do košíku">
            <input type="hidden" name="do" value="productWidget-widgetCarousel-1-buy-26738-quantityForm-submit"><!--[if IE]><input type=IEbug disabled style="display:none"><![endif]-->
</form>

        </div>
</div>
                <p class="product-incart-info accessible">Produkt nemáte v košíku</p>


        </div>

        
    </div>
    <div id="product-append-41605" class="product-item">
        <div class="product-item-flags">
        </div>
        <div class="product-item-image">
                <a data-href="/delikatesy?productWidget-widgetCarousel-1-id=41605&amp;do=productWidget-widgetCarousel-1-modal"
                   data-target="productWidget-widgetCarousel-1-productModal"
                   data-product-id="41605"
                   data-product-price="93.9"
                   data-page-title="El Pastor Cured sheep cheese 150g"
                   data-page-path="/produkt/41605-el-pastor-cured-sheep-cheese-150g"
                   data-user-id=""
                   aria-hidden="true"
                   data-kosikmodal-onclose="onProductModalDestroy"
                   onclick="kosikAjax.click(this, initModalCarousel(this))">
                    <img src="https://cdn.kosik.cz/content/product/jpg/list/placeholder.jpg" data-src="https://cdn.kosik.cz/content/product/jpg/list/59322.jpg" alt="El Pastor Cured sheep cheese 150g" class="loading-images loading-image">
                </a>




        </div>
                <div class="product-item-info">
                <h5><a href="javascript:void(0)" aria-label="El Pastor Cured sheep cheese 150g" data-href="/delikatesy?productWidget-widgetCarousel-1-id=41605&amp;do=productWidget-widgetCarousel-1-modal" class="product-name modal-link"
                   data-target="productWidget-widgetCarousel-1-productModal" onclick="kosikAjax.click(this, initModalCarousel(this))">
                    El Pastor Cured sheep cheese 150g
                    
                </a></h5>
            <p class="product-item-price ">
                <span class="price-before-discount">
				</span>
                <strong class="price">93,90 Kč</strong>

            </p>
            <p class="product-item-unit">
                    (<strong class="price">0,60 Kč</strong> / g)
            </p>
                        <div class="product-list-rating">
            </div>
<div id="snippet-productWidget-widgetCarousel-1-buy-41605-quantity">        <div class="product-quantity-control">
            <form action="/delikatesy" method="post" class="ajax" id="frm-productWidget-widgetCarousel-1-buy-41605-quantityForm">
                <input type="text" name="quantity" size="3" id="frm-productWidget-widgetCarousel-1-buy-41605-quantityForm-quantity" data-nette-rules='[{"op":":integer","msg":"Množství musí být číslo."}]' value="1" aria-label="počet k přidání">
                <input type="submit" name="_submit" value="Přidat" class="product-quantity-control-submit plus" aria-label="přidat počet do košíku">
            <input type="hidden" name="do" value="productWidget-widgetCarousel-1-buy-41605-quantityForm-submit"><!--[if IE]><input type=IEbug disabled style="display:none"><![endif]-->
</form>

        </div>
</div>
                <p class="product-incart-info accessible">Produkt nemáte v košíku</p>


        </div>

        
    </div>
    <div id="product-append-14868" class="product-item">
        <div class="product-item-flags">
        </div>
        <div class="product-item-image">
                <a data-href="/delikatesy?productWidget-widgetCarousel-1-id=14868&amp;do=productWidget-widgetCarousel-1-modal"
                   data-target="productWidget-widgetCarousel-1-productModal"
                   data-product-id="14868"
                   data-product-price="69.9"
                   data-page-title="Zanetti Mozzarella di Bufala měkký sýr v nálevu 125g"
                   data-page-path="/produkt/14868-zanetti-mozzarella-di-bufala-mekky-syr-v-nalevu-125g"
                   data-user-id=""
                   aria-hidden="true"
                   data-kosikmodal-onclose="onProductModalDestroy"
                   onclick="kosikAjax.click(this, initModalCarousel(this))">
                    <img src="https://cdn.kosik.cz/content/product/jpg/list/placeholder.jpg" data-src="https://cdn.kosik.cz/content/product/jpg/list/32137.jpg" alt="Zanetti Mozzarella di Bufala měkký sýr v nálevu 125g" class="loading-images loading-image">
                </a>




        </div>
                <div class="product-item-info">
                <h5><a href="javascript:void(0)" aria-label="Zanetti Mozzarella di Bufala měkký sýr v nálevu 125g" data-href="/delikatesy?productWidget-widgetCarousel-1-id=14868&amp;do=productWidget-widgetCarousel-1-modal" class="product-name modal-link"
                   data-target="productWidget-widgetCarousel-1-productModal" onclick="kosikAjax.click(this, initModalCarousel(this))">
                    Zanetti Mozzarella di Bufala měkký sýr v nálevu 125g
                    
                </a></h5>
            <p class="product-item-price ">
                <span class="price-before-discount">
				</span>
                <strong class="price">69,90 Kč</strong>

            </p>
            <p class="product-item-unit">
                    (<strong class="price">559,20 Kč</strong> / kg)
            </p>
                        <div class="product-list-rating">
            </div>
<div id="snippet-productWidget-widgetCarousel-1-buy-14868-quantity">        <div class="product-quantity-control">
            <form action="/delikatesy" method="post" class="ajax" id="frm-productWidget-widgetCarousel-1-buy-14868-quantityForm">
                <input type="text" name="quantity" size="3" id="frm-productWidget-widgetCarousel-1-buy-14868-quantityForm-quantity" data-nette-rules='[{"op":":integer","msg":"Množství musí být číslo."}]' value="1" aria-label="počet k přidání">
                <input type="submit" name="_submit" value="Přidat" class="product-quantity-control-submit plus" aria-label="přidat počet do košíku">
            <input type="hidden" name="do" value="productWidget-widgetCarousel-1-buy-14868-quantityForm-submit"><!--[if IE]><input type=IEbug disabled style="display:none"><![endif]-->
</form>

        </div>
</div>
                <p class="product-incart-info accessible">Produkt nemáte v košíku</p>


        </div>

        
    </div>
    <div id="product-append-41604" class="product-item">
        <div class="product-item-flags">
        </div>
        <div class="product-item-image">
                <a data-href="/delikatesy?productWidget-widgetCarousel-1-id=41604&amp;do=productWidget-widgetCarousel-1-modal"
                   data-target="productWidget-widgetCarousel-1-productModal"
                   data-product-id="41604"
                   data-product-price="74.9"
                   data-page-title="Cantorel Roquefort Cantorel 100g"
                   data-page-path="/produkt/41604-cantorel-roquefort-cantorel-100g"
                   data-user-id=""
                   aria-hidden="true"
                   data-kosikmodal-onclose="onProductModalDestroy"
                   onclick="kosikAjax.click(this, initModalCarousel(this))">
                    <img src="https://cdn.kosik.cz/content/product/jpg/list/placeholder.jpg" data-src="https://cdn.kosik.cz/content/product/jpg/list/59321.jpg" alt="Cantorel Roquefort Cantorel 100g" class="loading-images loading-image">
                </a>




        </div>
                <div class="product-item-info">
                <h5><a href="javascript:void(0)" aria-label="Cantorel Roquefort Cantorel 100g" data-href="/delikatesy?productWidget-widgetCarousel-1-id=41604&amp;do=productWidget-widgetCarousel-1-modal" class="product-name modal-link"
                   data-target="productWidget-widgetCarousel-1-productModal" onclick="kosikAjax.click(this, initModalCarousel(this))">
                    Cantorel Roquefort Cantorel 100g
                    
                </a></h5>
            <p class="product-item-price ">
                <span class="price-before-discount">
				</span>
                <strong class="price">74,90 Kč</strong>

            </p>
            <p class="product-item-unit">
                    (<strong class="price">749,00 Kč</strong> / Kg)
            </p>
                        <div class="product-list-rating">
            </div>
<div id="snippet-productWidget-widgetCarousel-1-buy-41604-quantity">        <div class="product-quantity-control">
            <form action="/delikatesy" method="post" class="ajax" id="frm-productWidget-widgetCarousel-1-buy-41604-quantityForm">
                <input type="text" name="quantity" size="3" id="frm-productWidget-widgetCarousel-1-buy-41604-quantityForm-quantity" data-nette-rules='[{"op":":integer","msg":"Množství musí být číslo."}]' value="1" aria-label="počet k přidání">
                <input type="submit" name="_submit" value="Přidat" class="product-quantity-control-submit plus" aria-label="přidat počet do košíku">
            <input type="hidden" name="do" value="productWidget-widgetCarousel-1-buy-41604-quantityForm-submit"><!--[if IE]><input type=IEbug disabled style="display:none"><![endif]-->
</form>

        </div>
</div>
                <p class="product-incart-info accessible">Produkt nemáte v košíku</p>


        </div>

        
    </div>
    <div id="product-append-42613" class="product-item">
        <div class="product-item-flags">
        </div>
        <div class="product-item-image">
                <a data-href="/delikatesy?productWidget-widgetCarousel-1-id=42613&amp;do=productWidget-widgetCarousel-1-modal"
                   data-target="productWidget-widgetCarousel-1-productModal"
                   data-product-id="42613"
                   data-product-price="63.9"
                   data-page-title="Moravia Lacto Herold český tvrdý sýr 160g"
                   data-page-path="/produkt/42613-moravia-lacto-herold-cesky-tvrdy-syr-160g"
                   data-user-id=""
                   aria-hidden="true"
                   data-kosikmodal-onclose="onProductModalDestroy"
                   onclick="kosikAjax.click(this, initModalCarousel(this))">
                    <img src="https://cdn.kosik.cz/content/product/jpg/list/placeholder.jpg" data-src="https://cdn.kosik.cz/content/product/jpg/list/60330.jpg" alt="Moravia Lacto Herold český tvrdý sýr 160g" class="loading-images loading-image">
                </a>




        </div>
                <div class="product-item-info">
                <h5><a href="javascript:void(0)" aria-label="Moravia Lacto Herold český tvrdý sýr 160g" data-href="/delikatesy?productWidget-widgetCarousel-1-id=42613&amp;do=productWidget-widgetCarousel-1-modal" class="product-name modal-link"
                   data-target="productWidget-widgetCarousel-1-productModal" onclick="kosikAjax.click(this, initModalCarousel(this))">
                    Moravia Lacto Herold český tvrdý sýr 160g
                    
                </a></h5>
            <p class="product-item-price ">
                <span class="price-before-discount">
				</span>
                <strong class="price">63,90 Kč</strong>

            </p>
            <p class="product-item-unit">
                    (<strong class="price">399,40 Kč</strong> / kg)
            </p>
                        <div class="product-list-rating">
            </div>
<div id="snippet-productWidget-widgetCarousel-1-buy-42613-quantity">        <div class="product-quantity-control">
            <form action="/delikatesy" method="post" class="ajax" id="frm-productWidget-widgetCarousel-1-buy-42613-quantityForm">
                <input type="text" name="quantity" size="3" id="frm-productWidget-widgetCarousel-1-buy-42613-quantityForm-quantity" data-nette-rules='[{"op":":integer","msg":"Množství musí být číslo."}]' value="1" aria-label="počet k přidání">
                <input type="submit" name="_submit" value="Přidat" class="product-quantity-control-submit plus" aria-label="přidat počet do košíku">
            <input type="hidden" name="do" value="productWidget-widgetCarousel-1-buy-42613-quantityForm-submit"><!--[if IE]><input type=IEbug disabled style="display:none"><![endif]-->
</form>

        </div>
</div>
                <p class="product-incart-info accessible">Produkt nemáte v košíku</p>


        </div>

        
    </div>
    <div id="product-append-36506" class="product-item">
        <div class="product-item-flags">
        </div>
        <div class="product-item-image">
                <a data-href="/delikatesy?productWidget-widgetCarousel-1-id=36506&amp;do=productWidget-widgetCarousel-1-modal"
                   data-target="productWidget-widgetCarousel-1-productModal"
                   data-product-id="36506"
                   data-product-price="89.9"
                   data-page-title="Joseph Heler Mature Cheddar bloček 200g"
                   data-page-path="/produkt/36506-joseph-heler-mature-cheddar-blocek-200g"
                   data-user-id=""
                   aria-hidden="true"
                   data-kosikmodal-onclose="onProductModalDestroy"
                   onclick="kosikAjax.click(this, initModalCarousel(this))">
                    <img src="https://cdn.kosik.cz/content/product/jpg/list/placeholder.jpg" data-src="https://cdn.kosik.cz/content/product/jpg/list/54097.jpg" alt="Joseph Heler Mature Cheddar bloček 200g" class="loading-images loading-image">
                </a>




        </div>
                <div class="product-item-info">
                <h5><a href="javascript:void(0)" aria-label="Joseph Heler Mature Cheddar bloček 200g" data-href="/delikatesy?productWidget-widgetCarousel-1-id=36506&amp;do=productWidget-widgetCarousel-1-modal" class="product-name modal-link"
                   data-target="productWidget-widgetCarousel-1-productModal" onclick="kosikAjax.click(this, initModalCarousel(this))">
                    Joseph Heler Mature Cheddar bloček 200g
                    
                </a></h5>
            <p class="product-item-price ">
                <span class="price-before-discount">
				</span>
                <strong class="price">89,90 Kč</strong>

            </p>
            <p class="product-item-unit">
                    (<strong class="price">449,50 Kč</strong> / kg)
            </p>
                        <div class="product-list-rating">
            </div>
<div id="snippet-productWidget-widgetCarousel-1-buy-36506-quantity">        <div class="product-quantity-control">
            <form action="/delikatesy" method="post" class="ajax" id="frm-productWidget-widgetCarousel-1-buy-36506-quantityForm">
                <input type="text" name="quantity" size="3" id="frm-productWidget-widgetCarousel-1-buy-36506-quantityForm-quantity" data-nette-rules='[{"op":":integer","msg":"Množství musí být číslo."}]' value="1" aria-label="počet k přidání">
                <input type="submit" name="_submit" value="Přidat" class="product-quantity-control-submit plus" aria-label="přidat počet do košíku">
            <input type="hidden" name="do" value="productWidget-widgetCarousel-1-buy-36506-quantityForm-submit"><!--[if IE]><input type=IEbug disabled style="display:none"><![endif]-->
</form>

        </div>
</div>
                <p class="product-incart-info accessible">Produkt nemáte v košíku</p>


        </div>

        
    </div>
    <div id="product-append-31092" class="product-item">
        <div class="product-item-flags">
        </div>
        <div class="product-item-image">
                <a data-href="/delikatesy?productWidget-widgetCarousel-1-id=31092&amp;do=productWidget-widgetCarousel-1-modal"
                   data-target="productWidget-widgetCarousel-1-productModal"
                   data-product-id="31092"
                   data-product-price="64.99"
                   data-page-title="Gouda ovčí (cca 100g)"
                   data-page-path="/produkt/31092-gouda-ovci-cca-100g"
                   data-user-id=""
                   aria-hidden="true"
                   data-kosikmodal-onclose="onProductModalDestroy"
                   onclick="kosikAjax.click(this, initModalCarousel(this))">
                    <img src="https://cdn.kosik.cz/content/product/jpg/list/placeholder.jpg" data-src="https://cdn.kosik.cz/content/product/jpg/list/48505.jpg" alt="Gouda ovčí (cca 100g)" class="loading-images loading-image">
                </a>




        </div>
                <div class="product-item-info">
                <h5><a href="javascript:void(0)" aria-label="Gouda ovčí (cca 100g)" data-href="/delikatesy?productWidget-widgetCarousel-1-id=31092&amp;do=productWidget-widgetCarousel-1-modal" class="product-name modal-link"
                   data-target="productWidget-widgetCarousel-1-productModal" onclick="kosikAjax.click(this, initModalCarousel(this))">
                    Gouda ovčí (cca 100g)
                    
                </a></h5>
            <p class="product-item-price ">
                <span class="price-before-discount">
				</span>
                <small class="circa-prefix">cca </small>
                <strong class="price">65,00 Kč</strong>

            </p>
            <p class="product-item-unit">
                    (<strong class="price">649,90 Kč</strong> / kg)
            </p>
                        <div class="product-list-rating">
            </div>
<div id="snippet-productWidget-widgetCarousel-1-buy-31092-quantity">        <div class="product-quantity-control">
            <form action="/delikatesy" method="post" class="ajax" id="frm-productWidget-widgetCarousel-1-buy-31092-quantityForm">
                <input type="text" name="quantity" size="3" id="frm-productWidget-widgetCarousel-1-buy-31092-quantityForm-quantity" data-nette-rules='[{"op":":integer","msg":"Množství musí být číslo."}]' value="1" aria-label="počet k přidání">
                <input type="submit" name="_submit" value="Přidat" class="product-quantity-control-submit plus" aria-label="přidat počet do košíku">
            <input type="hidden" name="do" value="productWidget-widgetCarousel-1-buy-31092-quantityForm-submit"><!--[if IE]><input type=IEbug disabled style="display:none"><![endif]-->
</form>

        </div>
</div>
                <p class="product-incart-info accessible">Produkt nemáte v košíku</p>


        </div>

        
    </div>
</div>

<div class="kosik-modal-overlay product-modal" id="productWidget-widgetCarousel-1-productModal" role="dialog">
    <div class="kosik-modal-inner large super-scaled" id="snippet-productWidget-widgetCarousel-1-productModalArea">
    </div>
</div>


<div class="kosik-modal-overlay" id="productWidget-widgetCarousel-1-productSetModal" role="dialog">
    <div class="kosik-modal-inner large super-scaled" id="snippet-productWidget-widgetCarousel-1-productSetModalArea">
    </div>
</div>
			</div>
		</div>
		<div class="region region-carousel region-products no-aside product-widget">
			<div class="home-product-widget region-inner region-products-inner slick-carousel" data-open="3" data-close="4">
				<div class="block block-title">
					<h3>Víno a destiláty</h3>
				</div>
<script async>

    var onProductModalDestroy = function() {

    	var pageData = window.dataLayer[0];

        pageData["event"] = "ga.pageview";
        pageData["pagePath"] = window.location.pathname;
        pageData["pageTitle"] = window.document.title;

	    dataLayer.push(pageData);
    };
</script>
<div class="block block-product-items product-items" data-ajax-append="product-item" id="snippet-productWidget-widgetCarousel-2-productListArea">
    <div id="product-append-19795" class="product-item">
        <div class="product-item-flags">
            <div class="flag-sale ">
                <span class="percents">20<small>&#37;</small></span>
            </div>
        </div>
        <div class="product-item-image">
                <a data-href="/delikatesy?productWidget-widgetCarousel-2-id=19795&amp;do=productWidget-widgetCarousel-2-modal"
                   data-target="productWidget-widgetCarousel-2-productModal"
                   data-product-id="19795"
                   data-product-price="319.9"
                   data-page-title="Chateau Techeney 0,75l"
                   data-page-path="/produkt/19795-chateau-techeney-0-75l"
                   data-user-id=""
                   aria-hidden="true"
                   data-kosikmodal-onclose="onProductModalDestroy"
                   onclick="kosikAjax.click(this, initModalCarousel(this))">
                    <img src="https://cdn.kosik.cz/content/product/jpg/list/placeholder.jpg" data-src="https://cdn.kosik.cz/content/product/jpg/list/37047.jpg" alt="Chateau Techeney 0,75l" class="loading-images loading-image">
                </a>




        </div>
                <div class="product-item-info">
                <h5><a href="javascript:void(0)" aria-label="Chateau Techeney 0,75l" data-href="/delikatesy?productWidget-widgetCarousel-2-id=19795&amp;do=productWidget-widgetCarousel-2-modal" class="product-name modal-link"
                   data-target="productWidget-widgetCarousel-2-productModal" onclick="kosikAjax.click(this, initModalCarousel(this))">
                    Chateau Techeney 0,75l
                    
                </a></h5>
            <p class="product-item-price product-in-discount">
                <span class="price-before-discount">
					<span><strong class="price">319,90 Kč</strong></span>
				</span>
                <strong class="price">255,90 Kč</strong>

            </p>
            <p class="product-item-unit">
                    (<strong class="price">341,20 Kč</strong> / l)
            </p>
                        <div class="product-list-rating">
            </div>
<div id="snippet-productWidget-widgetCarousel-2-buy-19795-quantity">        <div class="product-quantity-control">
            <form action="/delikatesy" method="post" class="ajax" id="frm-productWidget-widgetCarousel-2-buy-19795-quantityForm">
                <input type="text" name="quantity" size="3" id="frm-productWidget-widgetCarousel-2-buy-19795-quantityForm-quantity" data-nette-rules='[{"op":":integer","msg":"Množství musí být číslo."}]' value="1" aria-label="počet k přidání">
                <input type="submit" name="_submit" value="Přidat" class="product-quantity-control-submit plus" aria-label="přidat počet do košíku">
            <input type="hidden" name="do" value="productWidget-widgetCarousel-2-buy-19795-quantityForm-submit"><!--[if IE]><input type=IEbug disabled style="display:none"><![endif]-->
</form>

        </div>
</div>
                <p class="product-incart-info accessible">Produkt nemáte v košíku</p>


        </div>

        
    </div>
    <div id="product-append-50938" class="product-item">
        <div class="product-item-flags">
            <div class="flag-sale ">
                <span class="percents">12<small>&#37;</small></span>
            </div>
        </div>
        <div class="product-item-image">
                <a data-href="/delikatesy?productWidget-widgetCarousel-2-id=50938&amp;do=productWidget-widgetCarousel-2-modal"
                   data-target="productWidget-widgetCarousel-2-productModal"
                   data-product-id="50938"
                   data-product-price="249"
                   data-page-title="Louis Max Beaujolais Nouveau 2017, 0,75l"
                   data-page-path="/produkt/50938-louis-max-beaujolais-nouveau-2017-0-75l"
                   data-user-id=""
                   aria-hidden="true"
                   data-kosikmodal-onclose="onProductModalDestroy"
                   onclick="kosikAjax.click(this, initModalCarousel(this))">
                    <img src="https://cdn.kosik.cz/content/product/jpg/list/placeholder.jpg" data-src="https://cdn.kosik.cz/content/product/jpg/list/68476.jpg" alt="Louis Max Beaujolais Nouveau 2017, 0,75l" class="loading-images loading-image">
                </a>




        </div>
                <div class="product-item-info">
                <h5><a href="javascript:void(0)" aria-label="Louis Max Beaujolais Nouveau 2017, 0,75l" data-href="/delikatesy?productWidget-widgetCarousel-2-id=50938&amp;do=productWidget-widgetCarousel-2-modal" class="product-name modal-link"
                   data-target="productWidget-widgetCarousel-2-productModal" onclick="kosikAjax.click(this, initModalCarousel(this))">
                    Louis Max Beaujolais Nouveau 2017, 0,75l
                    
                </a></h5>
            <p class="product-item-price product-in-discount">
                <span class="price-before-discount">
					<span><strong class="price">249,00 Kč</strong></span>
				</span>
                <strong class="price">219,90 Kč</strong>

            </p>
            <p class="product-item-unit">
                    (<strong class="price">293,20 Kč</strong> / l)
            </p>
                        <div class="product-list-rating">
            </div>
<div id="snippet-productWidget-widgetCarousel-2-buy-50938-quantity">        <div class="product-quantity-control">
            <form action="/delikatesy" method="post" class="ajax" id="frm-productWidget-widgetCarousel-2-buy-50938-quantityForm">
                <input type="text" name="quantity" size="3" id="frm-productWidget-widgetCarousel-2-buy-50938-quantityForm-quantity" data-nette-rules='[{"op":":integer","msg":"Množství musí být číslo."}]' value="1" aria-label="počet k přidání">
                <input type="submit" name="_submit" value="Přidat" class="product-quantity-control-submit plus" aria-label="přidat počet do košíku">
            <input type="hidden" name="do" value="productWidget-widgetCarousel-2-buy-50938-quantityForm-submit"><!--[if IE]><input type=IEbug disabled style="display:none"><![endif]-->
</form>

        </div>
</div>
                <p class="product-incart-info accessible">Produkt nemáte v košíku</p>


        </div>

        
    </div>
    <div id="product-append-25086" class="product-item">
        <div class="product-item-flags">
        </div>
        <div class="product-item-image">
                <a data-href="/delikatesy?productWidget-widgetCarousel-2-id=25086&amp;do=productWidget-widgetCarousel-2-modal"
                   data-target="productWidget-widgetCarousel-2-productModal"
                   data-product-id="25086"
                   data-product-price="239.9"
                   data-page-title="Porto Valdouro Rosé 20 %, 0,75 l"
                   data-page-path="/produkt/25086-porto-valdouro-rose-20-0-75-l"
                   data-user-id=""
                   aria-hidden="true"
                   data-kosikmodal-onclose="onProductModalDestroy"
                   onclick="kosikAjax.click(this, initModalCarousel(this))">
                    <img src="https://cdn.kosik.cz/content/product/jpg/list/placeholder.jpg" data-src="https://cdn.kosik.cz/content/product/jpg/list/42362.jpg" alt="Porto Valdouro Rosé 20 %, 0,75 l" class="loading-images loading-image">
                </a>




        </div>
                <div class="product-item-info">
                <h5><a href="javascript:void(0)" aria-label="Porto Valdouro Rosé 20 %, 0,75 l" data-href="/delikatesy?productWidget-widgetCarousel-2-id=25086&amp;do=productWidget-widgetCarousel-2-modal" class="product-name modal-link"
                   data-target="productWidget-widgetCarousel-2-productModal" onclick="kosikAjax.click(this, initModalCarousel(this))">
                    Porto Valdouro Rosé 20 %, 0,75 l
                    
                </a></h5>
            <p class="product-item-price ">
                <span class="price-before-discount">
				</span>
                <strong class="price">239,90 Kč</strong>

            </p>
            <p class="product-item-unit">
                    (<strong class="price">319,90 Kč</strong> / l)
            </p>
                        <div class="product-list-rating">
            </div>
<div id="snippet-productWidget-widgetCarousel-2-buy-25086-quantity">        <div class="product-quantity-control">
            <form action="/delikatesy" method="post" class="ajax" id="frm-productWidget-widgetCarousel-2-buy-25086-quantityForm">
                <input type="text" name="quantity" size="3" id="frm-productWidget-widgetCarousel-2-buy-25086-quantityForm-quantity" data-nette-rules='[{"op":":integer","msg":"Množství musí být číslo."}]' value="1" aria-label="počet k přidání">
                <input type="submit" name="_submit" value="Přidat" class="product-quantity-control-submit plus" aria-label="přidat počet do košíku">
            <input type="hidden" name="do" value="productWidget-widgetCarousel-2-buy-25086-quantityForm-submit"><!--[if IE]><input type=IEbug disabled style="display:none"><![endif]-->
</form>

        </div>
</div>
                <p class="product-incart-info accessible">Produkt nemáte v košíku</p>


        </div>

        
    </div>
    <div id="product-append-24936" class="product-item">
        <div class="product-item-flags">
            <div class="flag-sale ">
                <span class="percents">15<small>&#37;</small></span>
            </div>
        </div>
        <div class="product-item-image">
                <a data-href="/delikatesy?productWidget-widgetCarousel-2-id=24936&amp;do=productWidget-widgetCarousel-2-modal"
                   data-target="productWidget-widgetCarousel-2-productModal"
                   data-product-id="24936"
                   data-product-price="3399"
                   data-page-title="Camus X.O. Cognac 40%  0,7l"
                   data-page-path="/produkt/24936-camus-x-o-cognac-40-0-7l"
                   data-user-id=""
                   aria-hidden="true"
                   data-kosikmodal-onclose="onProductModalDestroy"
                   onclick="kosikAjax.click(this, initModalCarousel(this))">
                    <img src="https://cdn.kosik.cz/content/product/jpg/list/placeholder.jpg" data-src="https://cdn.kosik.cz/content/product/jpg/list/42209.jpg" alt="Camus X.O. Cognac 40%  0,7l" class="loading-images loading-image">
                </a>




        </div>
                <div class="product-item-info">
                <h5><a href="javascript:void(0)" aria-label="Camus X.O. Cognac 40%  0,7l" data-href="/delikatesy?productWidget-widgetCarousel-2-id=24936&amp;do=productWidget-widgetCarousel-2-modal" class="product-name modal-link"
                   data-target="productWidget-widgetCarousel-2-productModal" onclick="kosikAjax.click(this, initModalCarousel(this))">
                    Camus X.O. Cognac 40%  0,7l
                    
                </a></h5>
            <p class="product-item-price product-in-discount">
                <span class="price-before-discount">
					<span><strong class="price">3 399,00 Kč</strong></span>
				</span>
                <strong class="price">2 899,00 Kč</strong>

            </p>
            <p class="product-item-unit">
                    (<strong class="price">4 141,40 Kč</strong> / l)
            </p>
                        <div class="product-list-rating">
            </div>
<div id="snippet-productWidget-widgetCarousel-2-buy-24936-quantity">        <div class="product-quantity-control">
            <form action="/delikatesy" method="post" class="ajax" id="frm-productWidget-widgetCarousel-2-buy-24936-quantityForm">
                <input type="text" name="quantity" size="3" id="frm-productWidget-widgetCarousel-2-buy-24936-quantityForm-quantity" data-nette-rules='[{"op":":integer","msg":"Množství musí být číslo."}]' value="1" aria-label="počet k přidání">
                <input type="submit" name="_submit" value="Přidat" class="product-quantity-control-submit plus" aria-label="přidat počet do košíku">
            <input type="hidden" name="do" value="productWidget-widgetCarousel-2-buy-24936-quantityForm-submit"><!--[if IE]><input type=IEbug disabled style="display:none"><![endif]-->
</form>

        </div>
</div>
                <p class="product-incart-info accessible">Produkt nemáte v košíku</p>


        </div>

        
    </div>
    <div id="product-append-19799" class="product-item">
        <div class="product-item-flags">
        </div>
        <div class="product-item-image">
                <a data-href="/delikatesy?productWidget-widgetCarousel-2-id=19799&amp;do=productWidget-widgetCarousel-2-modal"
                   data-target="productWidget-widgetCarousel-2-productModal"
                   data-product-id="19799"
                   data-product-price="799"
                   data-page-title="Champagne Heidsieck Monopol Brut 0,75l"
                   data-page-path="/produkt/19799-champagne-heidsieck-monopol-brut-0-75l"
                   data-user-id=""
                   aria-hidden="true"
                   data-kosikmodal-onclose="onProductModalDestroy"
                   onclick="kosikAjax.click(this, initModalCarousel(this))">
                    <img src="https://cdn.kosik.cz/content/product/jpg/list/placeholder.jpg" data-src="https://cdn.kosik.cz/content/product/jpg/list/37051.jpg" alt="Champagne Heidsieck Monopol Brut 0,75l" class="loading-images loading-image">
                </a>




        </div>
                <div class="product-item-info">
                <h5><a href="javascript:void(0)" aria-label="Champagne Heidsieck Monopol Brut 0,75l" data-href="/delikatesy?productWidget-widgetCarousel-2-id=19799&amp;do=productWidget-widgetCarousel-2-modal" class="product-name modal-link"
                   data-target="productWidget-widgetCarousel-2-productModal" onclick="kosikAjax.click(this, initModalCarousel(this))">
                    Champagne Heidsieck Monopol Brut 0,75l
                    
                </a></h5>
            <p class="product-item-price ">
                <span class="price-before-discount">
				</span>
                <strong class="price">799,00 Kč</strong>

            </p>
            <p class="product-item-unit">
                    (<strong class="price">1 065,30 Kč</strong> / l)
            </p>
                        <div class="product-list-rating">
            </div>
<div id="snippet-productWidget-widgetCarousel-2-buy-19799-quantity">        <div class="product-quantity-control">
            <form action="/delikatesy" method="post" class="ajax" id="frm-productWidget-widgetCarousel-2-buy-19799-quantityForm">
                <input type="text" name="quantity" size="3" id="frm-productWidget-widgetCarousel-2-buy-19799-quantityForm-quantity" data-nette-rules='[{"op":":integer","msg":"Množství musí být číslo."}]' value="1" aria-label="počet k přidání">
                <input type="submit" name="_submit" value="Přidat" class="product-quantity-control-submit plus" aria-label="přidat počet do košíku">
            <input type="hidden" name="do" value="productWidget-widgetCarousel-2-buy-19799-quantityForm-submit"><!--[if IE]><input type=IEbug disabled style="display:none"><![endif]-->
</form>

        </div>
</div>
                <p class="product-incart-info accessible">Produkt nemáte v košíku</p>


        </div>

        
    </div>
    <div id="product-append-36557" class="product-item">
        <div class="product-item-flags">
            <div class="flag-sale ">
                <span class="percents">20<small>&#37;</small></span>
            </div>
        </div>
        <div class="product-item-image">
                <a data-href="/delikatesy?productWidget-widgetCarousel-2-id=36557&amp;do=productWidget-widgetCarousel-2-modal"
                   data-target="productWidget-widgetCarousel-2-productModal"
                   data-product-id="36557"
                   data-product-price="999"
                   data-page-title="Copperhead Gin 40% 0,5l"
                   data-page-path="/produkt/36557-copperhead-gin-40-0-5l"
                   data-user-id=""
                   aria-hidden="true"
                   data-kosikmodal-onclose="onProductModalDestroy"
                   onclick="kosikAjax.click(this, initModalCarousel(this))">
                    <img src="https://cdn.kosik.cz/content/product/jpg/list/placeholder.jpg" data-src="https://cdn.kosik.cz/content/product/jpg/list/54151.jpg" alt="Copperhead Gin 40% 0,5l" class="loading-images loading-image">
                </a>




        </div>
                <div class="product-item-info">
                <h5><a href="javascript:void(0)" aria-label="Copperhead Gin 40% 0,5l" data-href="/delikatesy?productWidget-widgetCarousel-2-id=36557&amp;do=productWidget-widgetCarousel-2-modal" class="product-name modal-link"
                   data-target="productWidget-widgetCarousel-2-productModal" onclick="kosikAjax.click(this, initModalCarousel(this))">
                    Copperhead Gin 40% 0,5l
                    
                </a></h5>
            <p class="product-item-price product-in-discount">
                <span class="price-before-discount">
					<span><strong class="price">999,00 Kč</strong></span>
				</span>
                <strong class="price">799,00 Kč</strong>

            </p>
            <p class="product-item-unit">
                    (<strong class="price">1 598,00 Kč</strong> / l)
            </p>
                        <div class="product-list-rating">
            </div>
<div id="snippet-productWidget-widgetCarousel-2-buy-36557-quantity">        <div class="product-quantity-control">
            <form action="/delikatesy" method="post" class="ajax" id="frm-productWidget-widgetCarousel-2-buy-36557-quantityForm">
                <input type="text" name="quantity" size="3" id="frm-productWidget-widgetCarousel-2-buy-36557-quantityForm-quantity" data-nette-rules='[{"op":":integer","msg":"Množství musí být číslo."}]' value="1" aria-label="počet k přidání">
                <input type="submit" name="_submit" value="Přidat" class="product-quantity-control-submit plus" aria-label="přidat počet do košíku">
            <input type="hidden" name="do" value="productWidget-widgetCarousel-2-buy-36557-quantityForm-submit"><!--[if IE]><input type=IEbug disabled style="display:none"><![endif]-->
</form>

        </div>
</div>
                <p class="product-incart-info accessible">Produkt nemáte v košíku</p>


        </div>

        
    </div>
    <div id="product-append-26298" class="product-item">
        <div class="product-item-flags">
        </div>
        <div class="product-item-image">
                <a data-href="/delikatesy?productWidget-widgetCarousel-2-id=26298&amp;do=productWidget-widgetCarousel-2-modal"
                   data-target="productWidget-widgetCarousel-2-productModal"
                   data-product-id="26298"
                   data-product-price="289.9"
                   data-page-title="Marqués Campoalto Madeira Wine 0,75l"
                   data-page-path="/produkt/26298-marques-campoalto-madeira-wine-0-75l"
                   data-user-id=""
                   aria-hidden="true"
                   data-kosikmodal-onclose="onProductModalDestroy"
                   onclick="kosikAjax.click(this, initModalCarousel(this))">
                    <img src="https://cdn.kosik.cz/content/product/jpg/list/placeholder.jpg" data-src="https://cdn.kosik.cz/content/product/jpg/list/43572.jpg" alt="Marqués Campoalto Madeira Wine 0,75l" class="loading-images loading-image">
                </a>




        </div>
                <div class="product-item-info">
                <h5><a href="javascript:void(0)" aria-label="Marqués Campoalto Madeira Wine 0,75l" data-href="/delikatesy?productWidget-widgetCarousel-2-id=26298&amp;do=productWidget-widgetCarousel-2-modal" class="product-name modal-link"
                   data-target="productWidget-widgetCarousel-2-productModal" onclick="kosikAjax.click(this, initModalCarousel(this))">
                    Marqués Campoalto Madeira Wine 0,75l
                    
                </a></h5>
            <p class="product-item-price ">
                <span class="price-before-discount">
				</span>
                <strong class="price">289,90 Kč</strong>

            </p>
            <p class="product-item-unit">
                    (<strong class="price">386,50 Kč</strong> / l)
            </p>
                        <div class="product-list-rating">
            </div>
<div id="snippet-productWidget-widgetCarousel-2-buy-26298-quantity">        <div class="product-quantity-control">
            <form action="/delikatesy" method="post" class="ajax" id="frm-productWidget-widgetCarousel-2-buy-26298-quantityForm">
                <input type="text" name="quantity" size="3" id="frm-productWidget-widgetCarousel-2-buy-26298-quantityForm-quantity" data-nette-rules='[{"op":":integer","msg":"Množství musí být číslo."}]' value="1" aria-label="počet k přidání">
                <input type="submit" name="_submit" value="Přidat" class="product-quantity-control-submit plus" aria-label="přidat počet do košíku">
            <input type="hidden" name="do" value="productWidget-widgetCarousel-2-buy-26298-quantityForm-submit"><!--[if IE]><input type=IEbug disabled style="display:none"><![endif]-->
</form>

        </div>
</div>
                <p class="product-incart-info accessible">Produkt nemáte v košíku</p>


        </div>

        
    </div>
</div>

<div class="kosik-modal-overlay product-modal" id="productWidget-widgetCarousel-2-productModal" role="dialog">
    <div class="kosik-modal-inner large super-scaled" id="snippet-productWidget-widgetCarousel-2-productModalArea">
    </div>
</div>


<div class="kosik-modal-overlay" id="productWidget-widgetCarousel-2-productSetModal" role="dialog">
    <div class="kosik-modal-inner large super-scaled" id="snippet-productWidget-widgetCarousel-2-productSetModalArea">
    </div>
</div>
			</div>
		</div>
		<div class="region region-carousel region-products no-aside product-widget">
			<div class="home-product-widget region-inner region-products-inner slick-carousel" data-open="3" data-close="4">
				<div class="block block-title">
					<h3>Uzeniny a paštiky</h3>
				</div>
<script async>

    var onProductModalDestroy = function() {

    	var pageData = window.dataLayer[0];

        pageData["event"] = "ga.pageview";
        pageData["pagePath"] = window.location.pathname;
        pageData["pageTitle"] = window.document.title;

	    dataLayer.push(pageData);
    };
</script>
<div class="block block-product-items product-items" data-ajax-append="product-item" id="snippet-productWidget-widgetCarousel-3-productListArea">
    <div id="product-append-50106" class="product-item">
        <div class="product-item-flags">
        </div>
        <div class="product-item-image">
                <a data-href="/delikatesy?productWidget-widgetCarousel-3-id=50106&amp;do=productWidget-widgetCarousel-3-modal"
                   data-target="productWidget-widgetCarousel-3-productModal"
                   data-product-id="50106"
                   data-product-price="1699.9"
                   data-page-title="Jamón Serrano dárkové balení 6,5kg"
                   data-page-path="/produkt/50106-jamon-serrano-darkove-baleni-6-5kg"
                   data-user-id=""
                   aria-hidden="true"
                   data-kosikmodal-onclose="onProductModalDestroy"
                   onclick="kosikAjax.click(this, initModalCarousel(this))">
                    <img src="https://cdn.kosik.cz/content/product/jpg/list/placeholder.jpg" data-src="https://cdn.kosik.cz/content/product/jpg/list/67692.jpg" alt="Jamón Serrano dárkové balení 6,5kg" class="loading-images loading-image">
                </a>




        </div>
                <div class="product-item-info">
                <h5><a href="javascript:void(0)" aria-label="Jamón Serrano dárkové balení 6,5kg" data-href="/delikatesy?productWidget-widgetCarousel-3-id=50106&amp;do=productWidget-widgetCarousel-3-modal" class="product-name modal-link"
                   data-target="productWidget-widgetCarousel-3-productModal" onclick="kosikAjax.click(this, initModalCarousel(this))">
                    Jamón Serrano dárkové balení 6,5kg
                    <br><span class="new-product">Novinka</span>
                </a></h5>
            <p class="product-item-price ">
                <span class="price-before-discount">
				</span>
                <strong class="price">1 699,90 Kč</strong>

            </p>
            <p class="product-item-unit">
                    (<strong class="price">261,50 Kč</strong> / kg)
            </p>
                        <div class="product-list-rating">
            </div>
<div id="snippet-productWidget-widgetCarousel-3-buy-50106-quantity">        <div class="product-quantity-control">
            <form action="/delikatesy" method="post" class="ajax" id="frm-productWidget-widgetCarousel-3-buy-50106-quantityForm">
                <input type="text" name="quantity" size="3" id="frm-productWidget-widgetCarousel-3-buy-50106-quantityForm-quantity" data-nette-rules='[{"op":":integer","msg":"Množství musí být číslo."}]' value="1" aria-label="počet k přidání">
                <input type="submit" name="_submit" value="Přidat" class="product-quantity-control-submit plus" aria-label="přidat počet do košíku">
            <input type="hidden" name="do" value="productWidget-widgetCarousel-3-buy-50106-quantityForm-submit"><!--[if IE]><input type=IEbug disabled style="display:none"><![endif]-->
</form>

        </div>
</div>
                <p class="product-incart-info accessible">Produkt nemáte v košíku</p>


        </div>

        
    </div>
    <div id="product-append-43199" class="product-item">
        <div class="product-item-flags">
            <div class="flag-sale ">
                <span class="percents">10<small>&#37;</small></span>
            </div>
        </div>
        <div class="product-item-image">
                <a data-href="/delikatesy?productWidget-widgetCarousel-3-id=43199&amp;do=productWidget-widgetCarousel-3-modal"
                   data-target="productWidget-widgetCarousel-3-productModal"
                   data-product-id="43199"
                   data-product-price="999"
                   data-page-title="Tello Paleta Serrano - dárkové balení 4,2kg"
                   data-page-path="/produkt/43199-tello-paleta-serrano-darkove-baleni-4-2kg"
                   data-user-id=""
                   aria-hidden="true"
                   data-kosikmodal-onclose="onProductModalDestroy"
                   onclick="kosikAjax.click(this, initModalCarousel(this))">
                    <img src="https://cdn.kosik.cz/content/product/jpg/list/placeholder.jpg" data-src="https://cdn.kosik.cz/content/product/jpg/list/60916.jpg" alt="Tello Paleta Serrano - dárkové balení 4,2kg" class="loading-images loading-image">
                </a>




        </div>
                <div class="product-item-info">
                <h5><a href="javascript:void(0)" aria-label="Tello Paleta Serrano - dárkové balení 4,2kg" data-href="/delikatesy?productWidget-widgetCarousel-3-id=43199&amp;do=productWidget-widgetCarousel-3-modal" class="product-name modal-link"
                   data-target="productWidget-widgetCarousel-3-productModal" onclick="kosikAjax.click(this, initModalCarousel(this))">
                    Tello Paleta Serrano - dárkové balení 4,2kg
                    
                </a></h5>
            <p class="product-item-price product-in-discount">
                <span class="price-before-discount">
					<span><strong class="price">999,00 Kč</strong></span>
				</span>
                <strong class="price">899,00 Kč</strong>

            </p>
            <p class="product-item-unit">
                    (<strong class="price">214,00 Kč</strong> / Kg)
            </p>
                        <div class="product-list-rating">
            </div>
<div id="snippet-productWidget-widgetCarousel-3-buy-43199-quantity">        <div class="product-quantity-control">
            <form action="/delikatesy" method="post" class="ajax" id="frm-productWidget-widgetCarousel-3-buy-43199-quantityForm">
                <input type="text" name="quantity" size="3" id="frm-productWidget-widgetCarousel-3-buy-43199-quantityForm-quantity" data-nette-rules='[{"op":":integer","msg":"Množství musí být číslo."}]' value="1" aria-label="počet k přidání">
                <input type="submit" name="_submit" value="Přidat" class="product-quantity-control-submit plus" aria-label="přidat počet do košíku">
            <input type="hidden" name="do" value="productWidget-widgetCarousel-3-buy-43199-quantityForm-submit"><!--[if IE]><input type=IEbug disabled style="display:none"><![endif]-->
</form>

        </div>
</div>
                <p class="product-incart-info accessible">Produkt nemáte v košíku</p>


        </div>

        
    </div>
    <div id="product-append-50107" class="product-item">
        <div class="product-item-flags">
            <div class="flag-sale ">
                <span class="percents">18<small>&#37;</small></span>
            </div>
        </div>
        <div class="product-item-image">
                <a data-href="/delikatesy?productWidget-widgetCarousel-3-id=50107&amp;do=productWidget-widgetCarousel-3-modal"
                   data-target="productWidget-widgetCarousel-3-productModal"
                   data-product-id="50107"
                   data-product-price="549.9"
                   data-page-title="Jamon Curado mini 1kg"
                   data-page-path="/produkt/50107-jamon-curado-mini-1kg"
                   data-user-id=""
                   aria-hidden="true"
                   data-kosikmodal-onclose="onProductModalDestroy"
                   onclick="kosikAjax.click(this, initModalCarousel(this))">
                    <img src="https://cdn.kosik.cz/content/product/jpg/list/placeholder.jpg" data-src="https://cdn.kosik.cz/content/product/jpg/list/67693.jpg" alt="Jamon Curado mini 1kg" class="loading-images loading-image">
                </a>




        </div>
                <div class="product-item-info">
                <h5><a href="javascript:void(0)" aria-label="Jamon Curado mini 1kg" data-href="/delikatesy?productWidget-widgetCarousel-3-id=50107&amp;do=productWidget-widgetCarousel-3-modal" class="product-name modal-link"
                   data-target="productWidget-widgetCarousel-3-productModal" onclick="kosikAjax.click(this, initModalCarousel(this))">
                    Jamon Curado mini 1kg
                    <br><span class="new-product">Novinka</span>
                </a></h5>
            <p class="product-item-price product-in-discount">
                <span class="price-before-discount">
					<span><strong class="price">549,90 Kč</strong></span>
				</span>
                <strong class="price">449,00 Kč</strong>

            </p>
            <p class="product-item-unit">
                    (<strong class="price">449,00 Kč</strong> / kg)
            </p>
                        <div class="product-list-rating">
            </div>
<div id="snippet-productWidget-widgetCarousel-3-buy-50107-quantity">        <div class="product-quantity-control">
            <form action="/delikatesy" method="post" class="ajax" id="frm-productWidget-widgetCarousel-3-buy-50107-quantityForm">
                <input type="text" name="quantity" size="3" id="frm-productWidget-widgetCarousel-3-buy-50107-quantityForm-quantity" data-nette-rules='[{"op":":integer","msg":"Množství musí být číslo."}]' value="1" aria-label="počet k přidání">
                <input type="submit" name="_submit" value="Přidat" class="product-quantity-control-submit plus" aria-label="přidat počet do košíku">
            <input type="hidden" name="do" value="productWidget-widgetCarousel-3-buy-50107-quantityForm-submit"><!--[if IE]><input type=IEbug disabled style="display:none"><![endif]-->
</form>

        </div>
</div>
                <p class="product-incart-info accessible">Produkt nemáte v košíku</p>


        </div>

        
    </div>
    <div id="product-append-50406" class="product-item">
        <div class="product-item-flags">
            <div class="flag-sale ">
                <span class="percents">19<small>&#37;</small></span>
            </div>
        </div>
        <div class="product-item-image">
                <a data-href="/delikatesy?productWidget-widgetCarousel-3-id=50406&amp;do=productWidget-widgetCarousel-3-modal"
                   data-target="productWidget-widgetCarousel-3-productModal"
                   data-product-id="50406"
                   data-product-price="159.9"
                   data-page-title="Paté Du Chef Paštika z kachních jater s šampaňským 400g"
                   data-page-path="/produkt/50406-pate-du-chef-pastika-z-kachnich-jater-s-sampanskym-400g"
                   data-user-id=""
                   aria-hidden="true"
                   data-kosikmodal-onclose="onProductModalDestroy"
                   onclick="kosikAjax.click(this, initModalCarousel(this))">
                    <img src="https://cdn.kosik.cz/content/product/jpg/list/placeholder.jpg" data-src="https://cdn.kosik.cz/content/product/jpg/list/67918.jpg" alt="Paté Du Chef Paštika z kachních jater s šampaňským 400g" class="loading-images loading-image">
                </a>




        </div>
                <div class="product-item-info">
                <h5><a href="javascript:void(0)" aria-label="Paté Du Chef Paštika z kachních jater s šampaňským 400g" data-href="/delikatesy?productWidget-widgetCarousel-3-id=50406&amp;do=productWidget-widgetCarousel-3-modal" class="product-name modal-link"
                   data-target="productWidget-widgetCarousel-3-productModal" onclick="kosikAjax.click(this, initModalCarousel(this))">
                    Paté Du Chef Paštika z kachních jater s šampaňským 400g
                    
                </a></h5>
            <p class="product-item-price product-in-discount">
                <span class="price-before-discount">
					<span><strong class="price">159,90 Kč</strong></span>
				</span>
                <strong class="price">129,90 Kč</strong>

            </p>
            <p class="product-item-unit">
                    (<strong class="price">324,80 Kč</strong> / kg)
            </p>
                        <div class="product-list-rating">
            </div>
<div id="snippet-productWidget-widgetCarousel-3-buy-50406-quantity">        <div class="product-quantity-control">
            <form action="/delikatesy" method="post" class="ajax" id="frm-productWidget-widgetCarousel-3-buy-50406-quantityForm">
                <input type="text" name="quantity" size="3" id="frm-productWidget-widgetCarousel-3-buy-50406-quantityForm-quantity" data-nette-rules='[{"op":":integer","msg":"Množství musí být číslo."}]' value="1" aria-label="počet k přidání">
                <input type="submit" name="_submit" value="Přidat" class="product-quantity-control-submit plus" aria-label="přidat počet do košíku">
            <input type="hidden" name="do" value="productWidget-widgetCarousel-3-buy-50406-quantityForm-submit"><!--[if IE]><input type=IEbug disabled style="display:none"><![endif]-->
</form>

        </div>
</div>
                <p class="product-incart-info accessible">Produkt nemáte v košíku</p>


        </div>

        
    </div>
    <div id="product-append-38622" class="product-item">
        <div class="product-item-flags">
            <div class="flag-sale ">
                <span class="percents">20<small>&#37;</small></span>
            </div>
        </div>
        <div class="product-item-image">
                <a data-href="/delikatesy?productWidget-widgetCarousel-3-id=38622&amp;do=productWidget-widgetCarousel-3-modal"
                   data-target="productWidget-widgetCarousel-3-productModal"
                   data-product-id="38622"
                   data-product-price="199"
                   data-page-title="Feyel Kachní Foie Gras 2 × 40g"
                   data-page-path="/produkt/38622-feyel-kachni-foie-gras-2-40g"
                   data-user-id=""
                   aria-hidden="true"
                   data-kosikmodal-onclose="onProductModalDestroy"
                   onclick="kosikAjax.click(this, initModalCarousel(this))">
                    <img src="https://cdn.kosik.cz/content/product/jpg/list/placeholder.jpg" data-src="https://cdn.kosik.cz/content/product/jpg/list/56337.jpg" alt="Feyel Kachní Foie Gras 2 × 40g" class="loading-images loading-image">
                </a>




        </div>
                <div class="product-item-info">
                <h5><a href="javascript:void(0)" aria-label="Feyel Kachní Foie Gras 2 × 40g" data-href="/delikatesy?productWidget-widgetCarousel-3-id=38622&amp;do=productWidget-widgetCarousel-3-modal" class="product-name modal-link"
                   data-target="productWidget-widgetCarousel-3-productModal" onclick="kosikAjax.click(this, initModalCarousel(this))">
                    Feyel Kachní Foie Gras 2 × 40g
                    
                </a></h5>
            <p class="product-item-price product-in-discount">
                <span class="price-before-discount">
					<span><strong class="price">199,00 Kč</strong></span>
				</span>
                <strong class="price">159,00 Kč</strong>

            </p>
            <p class="product-item-unit">
                    (<strong class="price">2,00 Kč</strong> / g)
            </p>
                        <div class="product-list-rating">
            </div>
<div id="snippet-productWidget-widgetCarousel-3-buy-38622-quantity">        <div class="product-quantity-control">
            <form action="/delikatesy" method="post" class="ajax" id="frm-productWidget-widgetCarousel-3-buy-38622-quantityForm">
                <input type="text" name="quantity" size="3" id="frm-productWidget-widgetCarousel-3-buy-38622-quantityForm-quantity" data-nette-rules='[{"op":":integer","msg":"Množství musí být číslo."}]' value="1" aria-label="počet k přidání">
                <input type="submit" name="_submit" value="Přidat" class="product-quantity-control-submit plus" aria-label="přidat počet do košíku">
            <input type="hidden" name="do" value="productWidget-widgetCarousel-3-buy-38622-quantityForm-submit"><!--[if IE]><input type=IEbug disabled style="display:none"><![endif]-->
</form>

        </div>
</div>
                <p class="product-incart-info accessible">Produkt nemáte v košíku</p>


        </div>

        
    </div>
    <div id="product-append-50409" class="product-item">
        <div class="product-item-flags">
        </div>
        <div class="product-item-image">
                <a data-href="/delikatesy?productWidget-widgetCarousel-3-id=50409&amp;do=productWidget-widgetCarousel-3-modal"
                   data-target="productWidget-widgetCarousel-3-productModal"
                   data-product-id="50409"
                   data-product-price="89.9"
                   data-page-title="Paté Du Chef Paštika s brusinkami 200g"
                   data-page-path="/produkt/50409-pate-du-chef-pastika-s-brusinkami-200g"
                   data-user-id=""
                   aria-hidden="true"
                   data-kosikmodal-onclose="onProductModalDestroy"
                   onclick="kosikAjax.click(this, initModalCarousel(this))">
                    <img src="https://cdn.kosik.cz/content/product/jpg/list/placeholder.jpg" data-src="https://cdn.kosik.cz/content/product/jpg/list/67922.jpg" alt="Paté Du Chef Paštika s brusinkami 200g" class="loading-images loading-image">
                </a>




        </div>
                <div class="product-item-info">
                <h5><a href="javascript:void(0)" aria-label="Paté Du Chef Paštika s brusinkami 200g" data-href="/delikatesy?productWidget-widgetCarousel-3-id=50409&amp;do=productWidget-widgetCarousel-3-modal" class="product-name modal-link"
                   data-target="productWidget-widgetCarousel-3-productModal" onclick="kosikAjax.click(this, initModalCarousel(this))">
                    Paté Du Chef Paštika s brusinkami 200g
                    
                </a></h5>
            <p class="product-item-price ">
                <span class="price-before-discount">
				</span>
                <strong class="price">89,90 Kč</strong>

            </p>
            <p class="product-item-unit">
                    (<strong class="price">449,50 Kč</strong> / kg)
            </p>
                        <div class="product-list-rating">
            </div>
<div id="snippet-productWidget-widgetCarousel-3-buy-50409-quantity">        <div class="product-quantity-control">
            <form action="/delikatesy" method="post" class="ajax" id="frm-productWidget-widgetCarousel-3-buy-50409-quantityForm">
                <input type="text" name="quantity" size="3" id="frm-productWidget-widgetCarousel-3-buy-50409-quantityForm-quantity" data-nette-rules='[{"op":":integer","msg":"Množství musí být číslo."}]' value="1" aria-label="počet k přidání">
                <input type="submit" name="_submit" value="Přidat" class="product-quantity-control-submit plus" aria-label="přidat počet do košíku">
            <input type="hidden" name="do" value="productWidget-widgetCarousel-3-buy-50409-quantityForm-submit"><!--[if IE]><input type=IEbug disabled style="display:none"><![endif]-->
</form>

        </div>
</div>
                <p class="product-incart-info accessible">Produkt nemáte v košíku</p>


        </div>

        
    </div>
    <div id="product-append-50405" class="product-item">
        <div class="product-item-flags">
        </div>
        <div class="product-item-image">
                <a data-href="/delikatesy?productWidget-widgetCarousel-3-id=50405&amp;do=productWidget-widgetCarousel-3-modal"
                   data-target="productWidget-widgetCarousel-3-productModal"
                   data-product-id="50405"
                   data-product-price="59.9"
                   data-page-title="Paté Du Chef Paštika s kachními játry v černém pepři a Bruselská paštika s brusinkami 2x80g"
                   data-page-path="/produkt/50405-pate-du-chef-pastika-s-kachnimi-jatry-v-cernem-pepri-a-bruselska-pastika-s-brusinkami-2x80g"
                   data-user-id=""
                   aria-hidden="true"
                   data-kosikmodal-onclose="onProductModalDestroy"
                   onclick="kosikAjax.click(this, initModalCarousel(this))">
                    <img src="https://cdn.kosik.cz/content/product/jpg/list/placeholder.jpg" data-src="https://cdn.kosik.cz/content/product/jpg/list/67917.jpg" alt="Paté Du Chef Paštika s kachními játry v černém pepři a Bruselská paštika s brusinkami 2x80g" class="loading-images loading-image">
                </a>




        </div>
                <div class="product-item-info">
                <h5><a href="javascript:void(0)" aria-label="Paté Du Chef Paštika s kachními játry v černém pepři a Bruselská paštika s brusinkami 2x80g" data-href="/delikatesy?productWidget-widgetCarousel-3-id=50405&amp;do=productWidget-widgetCarousel-3-modal" class="product-name modal-link"
                   data-target="productWidget-widgetCarousel-3-productModal" onclick="kosikAjax.click(this, initModalCarousel(this))">
                    Paté Du Chef Paštika s kachními játry v černém pepři a Bruselská paštika s brusinkami 2x80g
                    
                </a></h5>
            <p class="product-item-price ">
                <span class="price-before-discount">
				</span>
                <strong class="price">59,90 Kč</strong>

            </p>
            <p class="product-item-unit">
                    (<strong class="price">374,40 Kč</strong> / kg)
            </p>
                        <div class="product-list-rating">
            </div>
<div id="snippet-productWidget-widgetCarousel-3-buy-50405-quantity">        <div class="product-quantity-control">
            <form action="/delikatesy" method="post" class="ajax" id="frm-productWidget-widgetCarousel-3-buy-50405-quantityForm">
                <input type="text" name="quantity" size="3" id="frm-productWidget-widgetCarousel-3-buy-50405-quantityForm-quantity" data-nette-rules='[{"op":":integer","msg":"Množství musí být číslo."}]' value="1" aria-label="počet k přidání">
                <input type="submit" name="_submit" value="Přidat" class="product-quantity-control-submit plus" aria-label="přidat počet do košíku">
            <input type="hidden" name="do" value="productWidget-widgetCarousel-3-buy-50405-quantityForm-submit"><!--[if IE]><input type=IEbug disabled style="display:none"><![endif]-->
</form>

        </div>
</div>
                <p class="product-incart-info accessible">Produkt nemáte v košíku</p>


        </div>

        
    </div>
    <div id="product-append-50411" class="product-item">
        <div class="product-item-flags">
        </div>
        <div class="product-item-image">
                <a data-href="/delikatesy?productWidget-widgetCarousel-3-id=50411&amp;do=productWidget-widgetCarousel-3-modal"
                   data-target="productWidget-widgetCarousel-3-productModal"
                   data-product-id="50411"
                   data-product-price="89.9"
                   data-page-title="Paté Du Chef Paštika s lískovými oříšky 200g"
                   data-page-path="/produkt/50411-pate-du-chef-pastika-s-liskovymi-orisky-200g"
                   data-user-id=""
                   aria-hidden="true"
                   data-kosikmodal-onclose="onProductModalDestroy"
                   onclick="kosikAjax.click(this, initModalCarousel(this))">
                    <img src="https://cdn.kosik.cz/content/product/jpg/list/placeholder.jpg" data-src="https://cdn.kosik.cz/content/product/jpg/list/67924.jpg" alt="Paté Du Chef Paštika s lískovými oříšky 200g" class="loading-images loading-image">
                </a>




        </div>
                <div class="product-item-info">
                <h5><a href="javascript:void(0)" aria-label="Paté Du Chef Paštika s lískovými oříšky 200g" data-href="/delikatesy?productWidget-widgetCarousel-3-id=50411&amp;do=productWidget-widgetCarousel-3-modal" class="product-name modal-link"
                   data-target="productWidget-widgetCarousel-3-productModal" onclick="kosikAjax.click(this, initModalCarousel(this))">
                    Paté Du Chef Paštika s lískovými oříšky 200g
                    
                </a></h5>
            <p class="product-item-price ">
                <span class="price-before-discount">
				</span>
                <strong class="price">89,90 Kč</strong>

            </p>
            <p class="product-item-unit">
                    (<strong class="price">449,50 Kč</strong> / kg)
            </p>
                        <div class="product-list-rating">
            </div>
<div id="snippet-productWidget-widgetCarousel-3-buy-50411-quantity">        <div class="product-quantity-control">
            <form action="/delikatesy" method="post" class="ajax" id="frm-productWidget-widgetCarousel-3-buy-50411-quantityForm">
                <input type="text" name="quantity" size="3" id="frm-productWidget-widgetCarousel-3-buy-50411-quantityForm-quantity" data-nette-rules='[{"op":":integer","msg":"Množství musí být číslo."}]' value="1" aria-label="počet k přidání">
                <input type="submit" name="_submit" value="Přidat" class="product-quantity-control-submit plus" aria-label="přidat počet do košíku">
            <input type="hidden" name="do" value="productWidget-widgetCarousel-3-buy-50411-quantityForm-submit"><!--[if IE]><input type=IEbug disabled style="display:none"><![endif]-->
</form>

        </div>
</div>
                <p class="product-incart-info accessible">Produkt nemáte v košíku</p>


        </div>

        
    </div>
    <div id="product-append-50422" class="product-item">
        <div class="product-item-flags">
            <div class="flag-sale ">
                <span class="percents">-36<small>&#37;</small></span>
            </div>
        </div>
        <div class="product-item-image">
                <a data-href="/delikatesy?productWidget-widgetCarousel-3-id=50422&amp;do=productWidget-widgetCarousel-3-modal"
                   data-target="productWidget-widgetCarousel-3-productModal"
                   data-product-id="50422"
                   data-product-price="51.21"
                   data-page-title="Sanpareil Výběr paštik 8x25g"
                   data-page-path="/produkt/50422-sanpareil-vyber-pastik-8x25g"
                   data-user-id=""
                   aria-hidden="true"
                   data-kosikmodal-onclose="onProductModalDestroy"
                   onclick="kosikAjax.click(this, initModalCarousel(this))">
                    <img src="https://cdn.kosik.cz/content/product/jpg/list/placeholder.jpg" data-src="https://cdn.kosik.cz/content/product/jpg/list/67919.jpg" alt="Sanpareil Výběr paštik 8x25g" class="loading-images loading-image">
                </a>




        </div>
                <div class="product-item-info">
                <h5><a href="javascript:void(0)" aria-label="Sanpareil Výběr paštik 8x25g" data-href="/delikatesy?productWidget-widgetCarousel-3-id=50422&amp;do=productWidget-widgetCarousel-3-modal" class="product-name modal-link"
                   data-target="productWidget-widgetCarousel-3-productModal" onclick="kosikAjax.click(this, initModalCarousel(this))">
                    Sanpareil Výběr paštik 8x25g
                    
                </a></h5>
            <p class="product-item-price product-in-discount">
                <span class="price-before-discount">
					<span><strong class="price">51,20 Kč</strong></span>
				</span>
                <strong class="price">69,90 Kč</strong>

            </p>
            <p class="product-item-unit">
                    (<strong class="price">349,50 Kč</strong> / kg)
            </p>
                        <div class="product-list-rating">
            </div>
<div id="snippet-productWidget-widgetCarousel-3-buy-50422-quantity">        <div class="product-quantity-control">
            <form action="/delikatesy" method="post" class="ajax" id="frm-productWidget-widgetCarousel-3-buy-50422-quantityForm">
                <input type="text" name="quantity" size="3" id="frm-productWidget-widgetCarousel-3-buy-50422-quantityForm-quantity" data-nette-rules='[{"op":":integer","msg":"Množství musí být číslo."}]' value="1" aria-label="počet k přidání">
                <input type="submit" name="_submit" value="Přidat" class="product-quantity-control-submit plus" aria-label="přidat počet do košíku">
            <input type="hidden" name="do" value="productWidget-widgetCarousel-3-buy-50422-quantityForm-submit"><!--[if IE]><input type=IEbug disabled style="display:none"><![endif]-->
</form>

        </div>
</div>
                <p class="product-incart-info accessible">Produkt nemáte v košíku</p>


        </div>

        
    </div>
    <div id="product-append-33481" class="product-item">
        <div class="product-item-flags">
        </div>
        <div class="product-item-image">
                <a data-href="/delikatesy?productWidget-widgetCarousel-3-id=33481&amp;do=productWidget-widgetCarousel-3-modal"
                   data-target="productWidget-widgetCarousel-3-productModal"
                   data-product-id="33481"
                   data-product-price="59.9"
                   data-page-title="Broceliande Francouzské mini bonbonky 100g"
                   data-page-path="/produkt/33481-broceliande-francouzske-mini-bonbonky-100g"
                   data-user-id=""
                   aria-hidden="true"
                   data-kosikmodal-onclose="onProductModalDestroy"
                   onclick="kosikAjax.click(this, initModalCarousel(this))">
                    <img src="https://cdn.kosik.cz/content/product/jpg/list/placeholder.jpg" data-src="https://cdn.kosik.cz/content/product/jpg/list/50960.jpg" alt="Broceliande Francouzské mini bonbonky 100g" class="loading-images loading-image">
                </a>




        </div>
                <div class="product-item-info">
                <h5><a href="javascript:void(0)" aria-label="Broceliande Francouzské mini bonbonky 100g" data-href="/delikatesy?productWidget-widgetCarousel-3-id=33481&amp;do=productWidget-widgetCarousel-3-modal" class="product-name modal-link"
                   data-target="productWidget-widgetCarousel-3-productModal" onclick="kosikAjax.click(this, initModalCarousel(this))">
                    Broceliande Francouzské mini bonbonky 100g
                    
                </a></h5>
            <p class="product-item-price ">
                <span class="price-before-discount">
				</span>
                <strong class="price">59,90 Kč</strong>

            </p>
            <p class="product-item-unit">
                    (<strong class="price">599,00 Kč</strong> / kg)
            </p>
                        <div class="product-list-rating">
            </div>
<div id="snippet-productWidget-widgetCarousel-3-buy-33481-quantity">        <div class="product-quantity-control">
            <form action="/delikatesy" method="post" class="ajax" id="frm-productWidget-widgetCarousel-3-buy-33481-quantityForm">
                <input type="text" name="quantity" size="3" id="frm-productWidget-widgetCarousel-3-buy-33481-quantityForm-quantity" data-nette-rules='[{"op":":integer","msg":"Množství musí být číslo."}]' value="1" aria-label="počet k přidání">
                <input type="submit" name="_submit" value="Přidat" class="product-quantity-control-submit plus" aria-label="přidat počet do košíku">
            <input type="hidden" name="do" value="productWidget-widgetCarousel-3-buy-33481-quantityForm-submit"><!--[if IE]><input type=IEbug disabled style="display:none"><![endif]-->
</form>

        </div>
</div>
                <p class="product-incart-info accessible">Produkt nemáte v košíku</p>


        </div>

        
    </div>
    <div id="product-append-37034" class="product-item">
        <div class="product-item-flags">
        </div>
        <div class="product-item-image">
                <a data-href="/delikatesy?productWidget-widgetCarousel-3-id=37034&amp;do=productWidget-widgetCarousel-3-modal"
                   data-target="productWidget-widgetCarousel-3-productModal"
                   data-product-id="37034"
                   data-product-price="59.9"
                   data-page-title="Argal Jamon Serrano krájené 80g"
                   data-page-path="/produkt/37034-argal-jamon-serrano-krajene-80g"
                   data-user-id=""
                   aria-hidden="true"
                   data-kosikmodal-onclose="onProductModalDestroy"
                   onclick="kosikAjax.click(this, initModalCarousel(this))">
                    <img src="https://cdn.kosik.cz/content/product/jpg/list/placeholder.jpg" data-src="https://cdn.kosik.cz/content/product/jpg/list/54657.jpg" alt="Argal Jamon Serrano krájené 80g" class="loading-images loading-image">
                </a>




        </div>
                <div class="product-item-info">
                <h5><a href="javascript:void(0)" aria-label="Argal Jamon Serrano krájené 80g" data-href="/delikatesy?productWidget-widgetCarousel-3-id=37034&amp;do=productWidget-widgetCarousel-3-modal" class="product-name modal-link"
                   data-target="productWidget-widgetCarousel-3-productModal" onclick="kosikAjax.click(this, initModalCarousel(this))">
                    Argal Jamon Serrano krájené 80g
                    
                </a></h5>
            <p class="product-item-price ">
                <span class="price-before-discount">
				</span>
                <strong class="price">59,90 Kč</strong>

            </p>
            <p class="product-item-unit">
                    (<strong class="price">748,80 Kč</strong> / kg)
            </p>
                        <div class="product-list-rating">
            </div>
<div id="snippet-productWidget-widgetCarousel-3-buy-37034-quantity">        <div class="product-quantity-control">
            <form action="/delikatesy" method="post" class="ajax" id="frm-productWidget-widgetCarousel-3-buy-37034-quantityForm">
                <input type="text" name="quantity" size="3" id="frm-productWidget-widgetCarousel-3-buy-37034-quantityForm-quantity" data-nette-rules='[{"op":":integer","msg":"Množství musí být číslo."}]' value="1" aria-label="počet k přidání">
                <input type="submit" name="_submit" value="Přidat" class="product-quantity-control-submit plus" aria-label="přidat počet do košíku">
            <input type="hidden" name="do" value="productWidget-widgetCarousel-3-buy-37034-quantityForm-submit"><!--[if IE]><input type=IEbug disabled style="display:none"><![endif]-->
</form>

        </div>
</div>
                <p class="product-incart-info accessible">Produkt nemáte v košíku</p>


        </div>

        
    </div>
    <div id="product-append-36944" class="product-item">
        <div class="product-item-flags">
            <div class="flag-sale ">
                <span class="percents">18<small>&#37;</small></span>
            </div>
        </div>
        <div class="product-item-image">
                <a data-href="/delikatesy?productWidget-widgetCarousel-3-id=36944&amp;do=productWidget-widgetCarousel-3-modal"
                   data-target="productWidget-widgetCarousel-3-productModal"
                   data-product-id="36944"
                   data-product-price="109"
                   data-page-title="Skare Carpaccio s parmezánem a olivovým olejem 100g"
                   data-page-path="/produkt/36944-skare-carpaccio-s-parmezanem-a-olivovym-olejem-100g"
                   data-user-id=""
                   aria-hidden="true"
                   data-kosikmodal-onclose="onProductModalDestroy"
                   onclick="kosikAjax.click(this, initModalCarousel(this))">
                    <img src="https://cdn.kosik.cz/content/product/jpg/list/placeholder.jpg" data-src="https://cdn.kosik.cz/content/product/jpg/list/54562.jpg" alt="Skare Carpaccio s parmezánem a olivovým olejem 100g" class="loading-images loading-image">
                </a>




        </div>
                <div class="product-item-info">
                <h5><a href="javascript:void(0)" aria-label="Skare Carpaccio s parmezánem a olivovým olejem 100g" data-href="/delikatesy?productWidget-widgetCarousel-3-id=36944&amp;do=productWidget-widgetCarousel-3-modal" class="product-name modal-link"
                   data-target="productWidget-widgetCarousel-3-productModal" onclick="kosikAjax.click(this, initModalCarousel(this))">
                    Skare Carpaccio s parmezánem a olivovým olejem 100g
                    
                </a></h5>
            <p class="product-item-price product-in-discount">
                <span class="price-before-discount">
					<span><strong class="price">109,00 Kč</strong></span>
				</span>
                <strong class="price">89,90 Kč</strong>

            </p>
            <p class="product-item-unit">
                    (<strong class="price">781,70 Kč</strong> / kg)
            </p>
                        <div class="product-list-rating">
            </div>
<div id="snippet-productWidget-widgetCarousel-3-buy-36944-quantity">        <div class="product-quantity-control">
            <form action="/delikatesy" method="post" class="ajax" id="frm-productWidget-widgetCarousel-3-buy-36944-quantityForm">
                <input type="text" name="quantity" size="3" id="frm-productWidget-widgetCarousel-3-buy-36944-quantityForm-quantity" data-nette-rules='[{"op":":integer","msg":"Množství musí být číslo."}]' value="1" aria-label="počet k přidání">
                <input type="submit" name="_submit" value="Přidat" class="product-quantity-control-submit plus" aria-label="přidat počet do košíku">
            <input type="hidden" name="do" value="productWidget-widgetCarousel-3-buy-36944-quantityForm-submit"><!--[if IE]><input type=IEbug disabled style="display:none"><![endif]-->
</form>

        </div>
</div>
                <p class="product-incart-info accessible">Produkt nemáte v košíku</p>


        </div>

        
    </div>
    <div id="product-append-43834" class="product-item">
        <div class="product-item-flags">
        </div>
        <div class="product-item-image">
                <a data-href="/delikatesy?productWidget-widgetCarousel-3-id=43834&amp;do=productWidget-widgetCarousel-3-modal"
                   data-target="productWidget-widgetCarousel-3-productModal"
                   data-product-id="43834"
                   data-product-price="39.9"
                   data-page-title="San Carlo Mortadella 100g"
                   data-page-path="/produkt/43834-san-carlo-mortadella-100g"
                   data-user-id=""
                   aria-hidden="true"
                   data-kosikmodal-onclose="onProductModalDestroy"
                   onclick="kosikAjax.click(this, initModalCarousel(this))">
                    <img src="https://cdn.kosik.cz/content/product/jpg/list/placeholder.jpg" data-src="https://cdn.kosik.cz/content/product/jpg/list/61551.jpg" alt="San Carlo Mortadella 100g" class="loading-images loading-image">
                </a>




        </div>
                <div class="product-item-info">
                <h5><a href="javascript:void(0)" aria-label="San Carlo Mortadella 100g" data-href="/delikatesy?productWidget-widgetCarousel-3-id=43834&amp;do=productWidget-widgetCarousel-3-modal" class="product-name modal-link"
                   data-target="productWidget-widgetCarousel-3-productModal" onclick="kosikAjax.click(this, initModalCarousel(this))">
                    San Carlo Mortadella 100g
                    
                </a></h5>
            <p class="product-item-price ">
                <span class="price-before-discount">
				</span>
                <strong class="price">39,90 Kč</strong>

            </p>
            <p class="product-item-unit">
                    (<strong class="price">399,00 Kč</strong> / kg)
            </p>
                        <div class="product-list-rating">
            </div>
<div id="snippet-productWidget-widgetCarousel-3-buy-43834-quantity">        <div class="product-quantity-control">
            <form action="/delikatesy" method="post" class="ajax" id="frm-productWidget-widgetCarousel-3-buy-43834-quantityForm">
                <input type="text" name="quantity" size="3" id="frm-productWidget-widgetCarousel-3-buy-43834-quantityForm-quantity" data-nette-rules='[{"op":":integer","msg":"Množství musí být číslo."}]' value="1" aria-label="počet k přidání">
                <input type="submit" name="_submit" value="Přidat" class="product-quantity-control-submit plus" aria-label="přidat počet do košíku">
            <input type="hidden" name="do" value="productWidget-widgetCarousel-3-buy-43834-quantityForm-submit"><!--[if IE]><input type=IEbug disabled style="display:none"><![endif]-->
</form>

        </div>
</div>
                <p class="product-incart-info accessible">Produkt nemáte v košíku</p>


        </div>

        
    </div>
    <div id="product-append-50639" class="product-item">
        <div class="product-item-flags">
        </div>
        <div class="product-item-image">
                <a data-href="/delikatesy?productWidget-widgetCarousel-3-id=50639&amp;do=productWidget-widgetCarousel-3-modal"
                   data-target="productWidget-widgetCarousel-3-productModal"
                   data-product-id="50639"
                   data-product-price="129"
                   data-page-title="Henri Raffin Francouzský salámek Premium 220g (+ nůž)"
                   data-page-path="/produkt/50639-henri-raffin-francouzsky-salamek-premium-220g-nuz"
                   data-user-id=""
                   aria-hidden="true"
                   data-kosikmodal-onclose="onProductModalDestroy"
                   onclick="kosikAjax.click(this, initModalCarousel(this))">
                    <img src="https://cdn.kosik.cz/content/product/jpg/list/placeholder.jpg" data-src="https://cdn.kosik.cz/content/product/jpg/list/68160.jpg" alt="Henri Raffin Francouzský salámek Premium 220g (+ nůž)" class="loading-images loading-image">
                </a>




        </div>
                <div class="product-item-info">
                <h5><a href="javascript:void(0)" aria-label="Henri Raffin Francouzský salámek Premium 220g (+ nůž)" data-href="/delikatesy?productWidget-widgetCarousel-3-id=50639&amp;do=productWidget-widgetCarousel-3-modal" class="product-name modal-link"
                   data-target="productWidget-widgetCarousel-3-productModal" onclick="kosikAjax.click(this, initModalCarousel(this))">
                    Henri Raffin Francouzský salámek Premium 220g (+ nůž)
                    
                </a></h5>
            <p class="product-item-price ">
                <span class="price-before-discount">
				</span>
                <strong class="price">129,00 Kč</strong>

            </p>
            <p class="product-item-unit">
                    (<strong class="price">586,40 Kč</strong> / kg)
            </p>
                        <div class="product-list-rating">
            </div>
<div id="snippet-productWidget-widgetCarousel-3-buy-50639-quantity">        <div class="product-quantity-control">
            <form action="/delikatesy" method="post" class="ajax" id="frm-productWidget-widgetCarousel-3-buy-50639-quantityForm">
                <input type="text" name="quantity" size="3" id="frm-productWidget-widgetCarousel-3-buy-50639-quantityForm-quantity" data-nette-rules='[{"op":":integer","msg":"Množství musí být číslo."}]' value="1" aria-label="počet k přidání">
                <input type="submit" name="_submit" value="Přidat" class="product-quantity-control-submit plus" aria-label="přidat počet do košíku">
            <input type="hidden" name="do" value="productWidget-widgetCarousel-3-buy-50639-quantityForm-submit"><!--[if IE]><input type=IEbug disabled style="display:none"><![endif]-->
</form>

        </div>
</div>
                <p class="product-incart-info accessible">Produkt nemáte v košíku</p>


        </div>

        
    </div>
    <div id="product-append-41781" class="product-item">
        <div class="product-item-flags">
        </div>
        <div class="product-item-image">
                <a data-href="/delikatesy?productWidget-widgetCarousel-3-id=41781&amp;do=productWidget-widgetCarousel-3-modal"
                   data-target="productWidget-widgetCarousel-3-productModal"
                   data-product-id="41781"
                   data-product-price="239"
                   data-page-title="Embutidos SOLÁ Salám Llonganissa 500g"
                   data-page-path="/produkt/41781-embutidos-sola-salam-llonganissa-500g"
                   data-user-id=""
                   aria-hidden="true"
                   data-kosikmodal-onclose="onProductModalDestroy"
                   onclick="kosikAjax.click(this, initModalCarousel(this))">
                    <img src="https://cdn.kosik.cz/content/product/jpg/list/placeholder.jpg" data-src="https://cdn.kosik.cz/content/product/jpg/list/59498.jpg" alt="Embutidos SOLÁ Salám Llonganissa 500g" class="loading-images loading-image">
                </a>




        </div>
                <div class="product-item-info">
                <h5><a href="javascript:void(0)" aria-label="Embutidos SOLÁ Salám Llonganissa 500g" data-href="/delikatesy?productWidget-widgetCarousel-3-id=41781&amp;do=productWidget-widgetCarousel-3-modal" class="product-name modal-link"
                   data-target="productWidget-widgetCarousel-3-productModal" onclick="kosikAjax.click(this, initModalCarousel(this))">
                    Embutidos SOLÁ Salám Llonganissa 500g
                    
                </a></h5>
            <p class="product-item-price ">
                <span class="price-before-discount">
				</span>
                <strong class="price">239,00 Kč</strong>

            </p>
            <p class="product-item-unit">
                    (<strong class="price">0,50 Kč</strong> / g)
            </p>
                        <div class="product-list-rating">
            </div>
<div id="snippet-productWidget-widgetCarousel-3-buy-41781-quantity">        <div class="product-quantity-control">
            <form action="/delikatesy" method="post" class="ajax" id="frm-productWidget-widgetCarousel-3-buy-41781-quantityForm">
                <input type="text" name="quantity" size="3" id="frm-productWidget-widgetCarousel-3-buy-41781-quantityForm-quantity" data-nette-rules='[{"op":":integer","msg":"Množství musí být číslo."}]' value="1" aria-label="počet k přidání">
                <input type="submit" name="_submit" value="Přidat" class="product-quantity-control-submit plus" aria-label="přidat počet do košíku">
            <input type="hidden" name="do" value="productWidget-widgetCarousel-3-buy-41781-quantityForm-submit"><!--[if IE]><input type=IEbug disabled style="display:none"><![endif]-->
</form>

        </div>
</div>
                <p class="product-incart-info accessible">Produkt nemáte v košíku</p>


        </div>

        
    </div>
    <div id="product-append-50633" class="product-item">
        <div class="product-item-flags">
        </div>
        <div class="product-item-image">
                <a data-href="/delikatesy?productWidget-widgetCarousel-3-id=50633&amp;do=productWidget-widgetCarousel-3-modal"
                   data-target="productWidget-widgetCarousel-3-productModal"
                   data-product-id="50633"
                   data-product-price="84.9"
                   data-page-title="LeGalibier Minisalámky s kozím sýrem 130g"
                   data-page-path="/produkt/50633-legalibier-minisalamky-s-kozim-syrem-130g"
                   data-user-id=""
                   aria-hidden="true"
                   data-kosikmodal-onclose="onProductModalDestroy"
                   onclick="kosikAjax.click(this, initModalCarousel(this))">
                    <img src="https://cdn.kosik.cz/content/product/jpg/list/placeholder.jpg" data-src="https://cdn.kosik.cz/content/product/jpg/list/68154.jpg" alt="LeGalibier Minisalámky s kozím sýrem 130g" class="loading-images loading-image">
                </a>




        </div>
                <div class="product-item-info">
                <h5><a href="javascript:void(0)" aria-label="LeGalibier Minisalámky s kozím sýrem 130g" data-href="/delikatesy?productWidget-widgetCarousel-3-id=50633&amp;do=productWidget-widgetCarousel-3-modal" class="product-name modal-link"
                   data-target="productWidget-widgetCarousel-3-productModal" onclick="kosikAjax.click(this, initModalCarousel(this))">
                    LeGalibier Minisalámky s kozím sýrem 130g
                    
                </a></h5>
            <p class="product-item-price ">
                <span class="price-before-discount">
				</span>
                <strong class="price">84,90 Kč</strong>

            </p>
            <p class="product-item-unit">
                    (<strong class="price">653,10 Kč</strong> / kg)
            </p>
                        <div class="product-list-rating">
            </div>
<div id="snippet-productWidget-widgetCarousel-3-buy-50633-quantity">        <div class="product-quantity-control">
            <form action="/delikatesy" method="post" class="ajax" id="frm-productWidget-widgetCarousel-3-buy-50633-quantityForm">
                <input type="text" name="quantity" size="3" id="frm-productWidget-widgetCarousel-3-buy-50633-quantityForm-quantity" data-nette-rules='[{"op":":integer","msg":"Množství musí být číslo."}]' value="1" aria-label="počet k přidání">
                <input type="submit" name="_submit" value="Přidat" class="product-quantity-control-submit plus" aria-label="přidat počet do košíku">
            <input type="hidden" name="do" value="productWidget-widgetCarousel-3-buy-50633-quantityForm-submit"><!--[if IE]><input type=IEbug disabled style="display:none"><![endif]-->
</form>

        </div>
</div>
                <p class="product-incart-info accessible">Produkt nemáte v košíku</p>


        </div>

        
    </div>
    <div id="product-append-50636" class="product-item">
        <div class="product-item-flags">
        </div>
        <div class="product-item-image">
                <a data-href="/delikatesy?productWidget-widgetCarousel-3-id=50636&amp;do=productWidget-widgetCarousel-3-modal"
                   data-target="productWidget-widgetCarousel-3-productModal"
                   data-product-id="50636"
                   data-product-price="99.9"
                   data-page-title="LePetit Savoyard Savojský salámek se sýrem Beaufort 200g"
                   data-page-path="/produkt/50636-lepetit-savoyard-savojsky-salamek-se-syrem-beaufort-200g"
                   data-user-id=""
                   aria-hidden="true"
                   data-kosikmodal-onclose="onProductModalDestroy"
                   onclick="kosikAjax.click(this, initModalCarousel(this))">
                    <img src="https://cdn.kosik.cz/content/product/jpg/list/placeholder.jpg" data-src="https://cdn.kosik.cz/content/product/jpg/list/68157.jpg" alt="LePetit Savoyard Savojský salámek se sýrem Beaufort 200g" class="loading-images loading-image">
                </a>




        </div>
                <div class="product-item-info">
                <h5><a href="javascript:void(0)" aria-label="LePetit Savoyard Savojský salámek se sýrem Beaufort 200g" data-href="/delikatesy?productWidget-widgetCarousel-3-id=50636&amp;do=productWidget-widgetCarousel-3-modal" class="product-name modal-link"
                   data-target="productWidget-widgetCarousel-3-productModal" onclick="kosikAjax.click(this, initModalCarousel(this))">
                    LePetit Savoyard Savojský salámek se sýrem Beaufort 200g
                    
                </a></h5>
            <p class="product-item-price ">
                <span class="price-before-discount">
				</span>
                <strong class="price">99,90 Kč</strong>

            </p>
            <p class="product-item-unit">
                    (<strong class="price">499,50 Kč</strong> / kg)
            </p>
                        <div class="product-list-rating">
            </div>
<div id="snippet-productWidget-widgetCarousel-3-buy-50636-quantity">        <div class="product-quantity-control">
            <form action="/delikatesy" method="post" class="ajax" id="frm-productWidget-widgetCarousel-3-buy-50636-quantityForm">
                <input type="text" name="quantity" size="3" id="frm-productWidget-widgetCarousel-3-buy-50636-quantityForm-quantity" data-nette-rules='[{"op":":integer","msg":"Množství musí být číslo."}]' value="1" aria-label="počet k přidání">
                <input type="submit" name="_submit" value="Přidat" class="product-quantity-control-submit plus" aria-label="přidat počet do košíku">
            <input type="hidden" name="do" value="productWidget-widgetCarousel-3-buy-50636-quantityForm-submit"><!--[if IE]><input type=IEbug disabled style="display:none"><![endif]-->
</form>

        </div>
</div>
                <p class="product-incart-info accessible">Produkt nemáte v košíku</p>


        </div>

        
    </div>
    <div id="product-append-50635" class="product-item">
        <div class="product-item-flags">
            <div class="flag-sale ">
                <span class="percents">0<small>&#37;</small></span>
            </div>
        </div>
        <div class="product-item-image">
                <a data-href="/delikatesy?productWidget-widgetCarousel-3-id=50635&amp;do=productWidget-widgetCarousel-3-modal"
                   data-target="productWidget-widgetCarousel-3-productModal"
                   data-product-id="50635"
                   data-product-price="99.9"
                   data-page-title="LePetit Savoyard Savojský salámek s vlašskými ořechy 200g"
                   data-page-path="/produkt/50635-lepetit-savoyard-savojsky-salamek-s-vlasskymi-orechy-200g"
                   data-user-id=""
                   aria-hidden="true"
                   data-kosikmodal-onclose="onProductModalDestroy"
                   onclick="kosikAjax.click(this, initModalCarousel(this))">
                    <img src="https://cdn.kosik.cz/content/product/jpg/list/placeholder.jpg" data-src="https://cdn.kosik.cz/content/product/jpg/list/68156.jpg" alt="LePetit Savoyard Savojský salámek s vlašskými ořechy 200g" class="loading-images loading-image">
                </a>




        </div>
                <div class="product-item-info">
                <h5><a href="javascript:void(0)" aria-label="LePetit Savoyard Savojský salámek s vlašskými ořechy 200g" data-href="/delikatesy?productWidget-widgetCarousel-3-id=50635&amp;do=productWidget-widgetCarousel-3-modal" class="product-name modal-link"
                   data-target="productWidget-widgetCarousel-3-productModal" onclick="kosikAjax.click(this, initModalCarousel(this))">
                    LePetit Savoyard Savojský salámek s vlašskými ořechy 200g
                    
                </a></h5>
            <p class="product-item-price product-in-discount">
                <span class="price-before-discount">
					<span><strong class="price">99,90 Kč</strong></span>
				</span>
                <strong class="price">99,90 Kč</strong>

            </p>
            <p class="product-item-unit">
                    (<strong class="price">499,50 Kč</strong> / kg)
            </p>
                        <div class="product-list-rating">
            </div>
<div id="snippet-productWidget-widgetCarousel-3-buy-50635-quantity">        <div class="product-quantity-control">
            <form action="/delikatesy" method="post" class="ajax" id="frm-productWidget-widgetCarousel-3-buy-50635-quantityForm">
                <input type="text" name="quantity" size="3" id="frm-productWidget-widgetCarousel-3-buy-50635-quantityForm-quantity" data-nette-rules='[{"op":":integer","msg":"Množství musí být číslo."}]' value="1" aria-label="počet k přidání">
                <input type="submit" name="_submit" value="Přidat" class="product-quantity-control-submit plus" aria-label="přidat počet do košíku">
            <input type="hidden" name="do" value="productWidget-widgetCarousel-3-buy-50635-quantityForm-submit"><!--[if IE]><input type=IEbug disabled style="display:none"><![endif]-->
</form>

        </div>
</div>
                <p class="product-incart-info accessible">Produkt nemáte v košíku</p>


        </div>

        
    </div>
    <div id="product-append-43195" class="product-item">
        <div class="product-item-flags">
        </div>
        <div class="product-item-image">
                <a data-href="/delikatesy?productWidget-widgetCarousel-3-id=43195&amp;do=productWidget-widgetCarousel-3-modal"
                   data-target="productWidget-widgetCarousel-3-productModal"
                   data-product-id="43195"
                   data-product-price="89"
                   data-page-title="Feyel Alsaská paštika s ryzlinkem 180g"
                   data-page-path="/produkt/43195-feyel-alsaska-pastika-s-ryzlinkem-180g"
                   data-user-id=""
                   aria-hidden="true"
                   data-kosikmodal-onclose="onProductModalDestroy"
                   onclick="kosikAjax.click(this, initModalCarousel(this))">
                    <img src="https://cdn.kosik.cz/content/product/jpg/list/placeholder.jpg" data-src="https://cdn.kosik.cz/content/product/jpg/list/60912.jpg" alt="Feyel Alsaská paštika s ryzlinkem 180g" class="loading-images loading-image">
                </a>




        </div>
                <div class="product-item-info">
                <h5><a href="javascript:void(0)" aria-label="Feyel Alsaská paštika s ryzlinkem 180g" data-href="/delikatesy?productWidget-widgetCarousel-3-id=43195&amp;do=productWidget-widgetCarousel-3-modal" class="product-name modal-link"
                   data-target="productWidget-widgetCarousel-3-productModal" onclick="kosikAjax.click(this, initModalCarousel(this))">
                    Feyel Alsaská paštika s ryzlinkem 180g
                    
                </a></h5>
            <p class="product-item-price ">
                <span class="price-before-discount">
				</span>
                <strong class="price">89,00 Kč</strong>

            </p>
            <p class="product-item-unit">
                    (<strong class="price">494,40 Kč</strong> / kg)
            </p>
                        <div class="product-list-rating">
            </div>
<div id="snippet-productWidget-widgetCarousel-3-buy-43195-quantity">        <div class="product-quantity-control">
            <form action="/delikatesy" method="post" class="ajax" id="frm-productWidget-widgetCarousel-3-buy-43195-quantityForm">
                <input type="text" name="quantity" size="3" id="frm-productWidget-widgetCarousel-3-buy-43195-quantityForm-quantity" data-nette-rules='[{"op":":integer","msg":"Množství musí být číslo."}]' value="1" aria-label="počet k přidání">
                <input type="submit" name="_submit" value="Přidat" class="product-quantity-control-submit plus" aria-label="přidat počet do košíku">
            <input type="hidden" name="do" value="productWidget-widgetCarousel-3-buy-43195-quantityForm-submit"><!--[if IE]><input type=IEbug disabled style="display:none"><![endif]-->
</form>

        </div>
</div>
                <p class="product-incart-info accessible">Produkt nemáte v košíku</p>


        </div>

        
    </div>
</div>

<div class="kosik-modal-overlay product-modal" id="productWidget-widgetCarousel-3-productModal" role="dialog">
    <div class="kosik-modal-inner large super-scaled" id="snippet-productWidget-widgetCarousel-3-productModalArea">
    </div>
</div>


<div class="kosik-modal-overlay" id="productWidget-widgetCarousel-3-productSetModal" role="dialog">
    <div class="kosik-modal-inner large super-scaled" id="snippet-productWidget-widgetCarousel-3-productSetModalArea">
    </div>
</div>
			</div>
		</div>
		<div class="region region-carousel region-products no-aside product-widget">
			<div class="home-product-widget region-inner region-products-inner slick-carousel" data-open="3" data-close="4">
				<div class="block block-title">
					<h3>Omáčky a pesta</h3>
				</div>
<script async>

    var onProductModalDestroy = function() {

    	var pageData = window.dataLayer[0];

        pageData["event"] = "ga.pageview";
        pageData["pagePath"] = window.location.pathname;
        pageData["pageTitle"] = window.document.title;

	    dataLayer.push(pageData);
    };
</script>
<div class="block block-product-items product-items" data-ajax-append="product-item" id="snippet-productWidget-widgetCarousel-4-productListArea">
    <div id="product-append-22322" class="product-item">
        <div class="product-item-flags">
        </div>
        <div class="product-item-image">
                <a data-href="/delikatesy?productWidget-widgetCarousel-4-id=22322&amp;do=productWidget-widgetCarousel-4-modal"
                   data-target="productWidget-widgetCarousel-4-productModal"
                   data-product-id="22322"
                   data-product-price="70.9"
                   data-page-title="Casa Rinaldi Pesto se sušenými rajčaty 130g"
                   data-page-path="/produkt/22322-casa-rinaldi-pesto-se-susenymi-rajcaty-130g"
                   data-user-id=""
                   aria-hidden="true"
                   data-kosikmodal-onclose="onProductModalDestroy"
                   onclick="kosikAjax.click(this, initModalCarousel(this))">
                    <img src="https://cdn.kosik.cz/content/product/jpg/list/placeholder.jpg" data-src="https://cdn.kosik.cz/content/product/jpg/list/39571.jpg" alt="Casa Rinaldi Pesto se sušenými rajčaty 130g" class="loading-images loading-image">
                </a>




        </div>
                <div class="product-item-info">
                <h5><a href="javascript:void(0)" aria-label="Casa Rinaldi Pesto se sušenými rajčaty 130g" data-href="/delikatesy?productWidget-widgetCarousel-4-id=22322&amp;do=productWidget-widgetCarousel-4-modal" class="product-name modal-link"
                   data-target="productWidget-widgetCarousel-4-productModal" onclick="kosikAjax.click(this, initModalCarousel(this))">
                    Casa Rinaldi Pesto se sušenými rajčaty 130g
                    
                </a></h5>
            <p class="product-item-price ">
                <span class="price-before-discount">
				</span>
                <strong class="price">70,90 Kč</strong>

            </p>
            <p class="product-item-unit">
                    (<strong class="price">545,40 Kč</strong> / g)
            </p>
                        <div class="product-list-rating">
            </div>
<div id="snippet-productWidget-widgetCarousel-4-buy-22322-quantity">        <div class="product-quantity-control">
            <form action="/delikatesy" method="post" class="ajax" id="frm-productWidget-widgetCarousel-4-buy-22322-quantityForm">
                <input type="text" name="quantity" size="3" id="frm-productWidget-widgetCarousel-4-buy-22322-quantityForm-quantity" data-nette-rules='[{"op":":integer","msg":"Množství musí být číslo."}]' value="1" aria-label="počet k přidání">
                <input type="submit" name="_submit" value="Přidat" class="product-quantity-control-submit plus" aria-label="přidat počet do košíku">
            <input type="hidden" name="do" value="productWidget-widgetCarousel-4-buy-22322-quantityForm-submit"><!--[if IE]><input type=IEbug disabled style="display:none"><![endif]-->
</form>

        </div>
</div>
                <p class="product-incart-info accessible">Produkt nemáte v košíku</p>


        </div>

        
    </div>
    <div id="product-append-15619" class="product-item">
        <div class="product-item-flags">
        </div>
        <div class="product-item-image">
                <a data-href="/delikatesy?productWidget-widgetCarousel-4-id=15619&amp;do=productWidget-widgetCarousel-4-modal"
                   data-target="productWidget-widgetCarousel-4-productModal"
                   data-product-id="15619"
                   data-product-price="164.9"
                   data-page-title="Hradecké delikatesy Pesto z medvědího česneku 170g"
                   data-page-path="/produkt/15619-hradecke-delikatesy-pesto-z-medvediho-cesneku-170g"
                   data-user-id=""
                   aria-hidden="true"
                   data-kosikmodal-onclose="onProductModalDestroy"
                   onclick="kosikAjax.click(this, initModalCarousel(this))">
                    <img src="https://cdn.kosik.cz/content/product/jpg/list/placeholder.jpg" data-src="https://cdn.kosik.cz/content/product/jpg/list/32887.jpg" alt="Hradecké delikatesy Pesto z medvědího česneku 170g" class="loading-images loading-image">
                </a>




        </div>
                <div class="product-item-info">
                <h5><a href="javascript:void(0)" aria-label="Hradecké delikatesy Pesto z medvědího česneku 170g" data-href="/delikatesy?productWidget-widgetCarousel-4-id=15619&amp;do=productWidget-widgetCarousel-4-modal" class="product-name modal-link"
                   data-target="productWidget-widgetCarousel-4-productModal" onclick="kosikAjax.click(this, initModalCarousel(this))">
                    Hradecké delikatesy Pesto z medvědího česneku 170g
                    
                </a></h5>
            <p class="product-item-price ">
                <span class="price-before-discount">
				</span>
                <strong class="price">164,90 Kč</strong>

            </p>
            <p class="product-item-unit">
                    (<strong class="price">970,00 Kč</strong> / kg)
            </p>
                        <div class="product-list-rating">
            </div>
<div id="snippet-productWidget-widgetCarousel-4-buy-15619-quantity">        <div class="product-quantity-control">
            <form action="/delikatesy" method="post" class="ajax" id="frm-productWidget-widgetCarousel-4-buy-15619-quantityForm">
                <input type="text" name="quantity" size="3" id="frm-productWidget-widgetCarousel-4-buy-15619-quantityForm-quantity" data-nette-rules='[{"op":":integer","msg":"Množství musí být číslo."}]' value="1" aria-label="počet k přidání">
                <input type="submit" name="_submit" value="Přidat" class="product-quantity-control-submit plus" aria-label="přidat počet do košíku">
            <input type="hidden" name="do" value="productWidget-widgetCarousel-4-buy-15619-quantityForm-submit"><!--[if IE]><input type=IEbug disabled style="display:none"><![endif]-->
</form>

        </div>
</div>
                <p class="product-incart-info accessible">Produkt nemáte v košíku</p>


        </div>

        
    </div>
    <div id="product-append-22319" class="product-item">
        <div class="product-item-flags">
        </div>
        <div class="product-item-image">
                <a data-href="/delikatesy?productWidget-widgetCarousel-4-id=22319&amp;do=productWidget-widgetCarousel-4-modal"
                   data-target="productWidget-widgetCarousel-4-productModal"
                   data-product-id="22319"
                   data-product-price="64.9"
                   data-page-title="Casa Rinaldi Janovské bazalkové pesto 130g"
                   data-page-path="/produkt/22319-casa-rinaldi-janovske-bazalkove-pesto-130g"
                   data-user-id=""
                   aria-hidden="true"
                   data-kosikmodal-onclose="onProductModalDestroy"
                   onclick="kosikAjax.click(this, initModalCarousel(this))">
                    <img src="https://cdn.kosik.cz/content/product/jpg/list/placeholder.jpg" data-src="https://cdn.kosik.cz/content/product/jpg/list/39568.jpg" alt="Casa Rinaldi Janovské bazalkové pesto 130g" class="loading-images loading-image">
                </a>




        </div>
                <div class="product-item-info">
                <h5><a href="javascript:void(0)" aria-label="Casa Rinaldi Janovské bazalkové pesto 130g" data-href="/delikatesy?productWidget-widgetCarousel-4-id=22319&amp;do=productWidget-widgetCarousel-4-modal" class="product-name modal-link"
                   data-target="productWidget-widgetCarousel-4-productModal" onclick="kosikAjax.click(this, initModalCarousel(this))">
                    Casa Rinaldi Janovské bazalkové pesto 130g
                    
                </a></h5>
            <p class="product-item-price ">
                <span class="price-before-discount">
				</span>
                <strong class="price">64,90 Kč</strong>

            </p>
            <p class="product-item-unit">
                    (<strong class="price">519,20 Kč</strong> / kg)
            </p>
                        <div class="product-list-rating">
            </div>
<div id="snippet-productWidget-widgetCarousel-4-buy-22319-quantity">        <div class="product-quantity-control">
            <form action="/delikatesy" method="post" class="ajax" id="frm-productWidget-widgetCarousel-4-buy-22319-quantityForm">
                <input type="text" name="quantity" size="3" id="frm-productWidget-widgetCarousel-4-buy-22319-quantityForm-quantity" data-nette-rules='[{"op":":integer","msg":"Množství musí být číslo."}]' value="1" aria-label="počet k přidání">
                <input type="submit" name="_submit" value="Přidat" class="product-quantity-control-submit plus" aria-label="přidat počet do košíku">
            <input type="hidden" name="do" value="productWidget-widgetCarousel-4-buy-22319-quantityForm-submit"><!--[if IE]><input type=IEbug disabled style="display:none"><![endif]-->
</form>

        </div>
</div>
                <p class="product-incart-info accessible">Produkt nemáte v košíku</p>


        </div>

        
    </div>
    <div id="product-append-22323" class="product-item">
        <div class="product-item-flags">
        </div>
        <div class="product-item-image">
                <a data-href="/delikatesy?productWidget-widgetCarousel-4-id=22323&amp;do=productWidget-widgetCarousel-4-modal"
                   data-target="productWidget-widgetCarousel-4-productModal"
                   data-product-id="22323"
                   data-product-price="339.9"
                   data-page-title="Casa Rinaldi Pesto se sušenými rajčaty 500g"
                   data-page-path="/produkt/22323-casa-rinaldi-pesto-se-susenymi-rajcaty-500g"
                   data-user-id=""
                   aria-hidden="true"
                   data-kosikmodal-onclose="onProductModalDestroy"
                   onclick="kosikAjax.click(this, initModalCarousel(this))">
                    <img src="https://cdn.kosik.cz/content/product/jpg/list/placeholder.jpg" data-src="https://cdn.kosik.cz/content/product/jpg/list/39572.jpg" alt="Casa Rinaldi Pesto se sušenými rajčaty 500g" class="loading-images loading-image">
                </a>




        </div>
                <div class="product-item-info">
                <h5><a href="javascript:void(0)" aria-label="Casa Rinaldi Pesto se sušenými rajčaty 500g" data-href="/delikatesy?productWidget-widgetCarousel-4-id=22323&amp;do=productWidget-widgetCarousel-4-modal" class="product-name modal-link"
                   data-target="productWidget-widgetCarousel-4-productModal" onclick="kosikAjax.click(this, initModalCarousel(this))">
                    Casa Rinaldi Pesto se sušenými rajčaty 500g
                    
                </a></h5>
            <p class="product-item-price ">
                <span class="price-before-discount">
				</span>
                <strong class="price">339,90 Kč</strong>

            </p>
            <p class="product-item-unit">
                    (<strong class="price">679,80 Kč</strong> / kg)
            </p>
                        <div class="product-list-rating">
            </div>
<div id="snippet-productWidget-widgetCarousel-4-buy-22323-quantity">        <div class="product-quantity-control">
            <form action="/delikatesy" method="post" class="ajax" id="frm-productWidget-widgetCarousel-4-buy-22323-quantityForm">
                <input type="text" name="quantity" size="3" id="frm-productWidget-widgetCarousel-4-buy-22323-quantityForm-quantity" data-nette-rules='[{"op":":integer","msg":"Množství musí být číslo."}]' value="1" aria-label="počet k přidání">
                <input type="submit" name="_submit" value="Přidat" class="product-quantity-control-submit plus" aria-label="přidat počet do košíku">
            <input type="hidden" name="do" value="productWidget-widgetCarousel-4-buy-22323-quantityForm-submit"><!--[if IE]><input type=IEbug disabled style="display:none"><![endif]-->
</form>

        </div>
</div>
                <p class="product-incart-info accessible">Produkt nemáte v košíku</p>


        </div>

        
    </div>
    <div id="product-append-16749" class="product-item">
        <div class="product-item-flags">
        </div>
        <div class="product-item-image">
                <a data-href="/delikatesy?productWidget-widgetCarousel-4-id=16749&amp;do=productWidget-widgetCarousel-4-modal"
                   data-target="productWidget-widgetCarousel-4-productModal"
                   data-product-id="16749"
                   data-product-price="99.9"
                   data-page-title="Barilla Pesto Genovese 190g"
                   data-page-path="/produkt/16749-barilla-pesto-genovese-190g"
                   data-user-id=""
                   aria-hidden="true"
                   data-kosikmodal-onclose="onProductModalDestroy"
                   onclick="kosikAjax.click(this, initModalCarousel(this))">
                    <img src="https://cdn.kosik.cz/content/product/jpg/list/placeholder.jpg" data-src="https://cdn.kosik.cz/content/product/jpg/list/34017.jpg" alt="Barilla Pesto Genovese 190g" class="loading-images loading-image">
                </a>




        </div>
                <div class="product-item-info">
                <h5><a href="javascript:void(0)" aria-label="Barilla Pesto Genovese 190g" data-href="/delikatesy?productWidget-widgetCarousel-4-id=16749&amp;do=productWidget-widgetCarousel-4-modal" class="product-name modal-link"
                   data-target="productWidget-widgetCarousel-4-productModal" onclick="kosikAjax.click(this, initModalCarousel(this))">
                    Barilla Pesto Genovese 190g
                    
                </a></h5>
            <p class="product-item-price ">
                <span class="price-before-discount">
				</span>
                <strong class="price">99,90 Kč</strong>

            </p>
            <p class="product-item-unit">
                    (<strong class="price">525,80 Kč</strong> / kg)
            </p>
                        <div class="product-list-rating">
            </div>
<div id="snippet-productWidget-widgetCarousel-4-buy-16749-quantity">        <div class="product-quantity-control">
            <form action="/delikatesy" method="post" class="ajax" id="frm-productWidget-widgetCarousel-4-buy-16749-quantityForm">
                <input type="text" name="quantity" size="3" id="frm-productWidget-widgetCarousel-4-buy-16749-quantityForm-quantity" data-nette-rules='[{"op":":integer","msg":"Množství musí být číslo."}]' value="1" aria-label="počet k přidání">
                <input type="submit" name="_submit" value="Přidat" class="product-quantity-control-submit plus" aria-label="přidat počet do košíku">
            <input type="hidden" name="do" value="productWidget-widgetCarousel-4-buy-16749-quantityForm-submit"><!--[if IE]><input type=IEbug disabled style="display:none"><![endif]-->
</form>

        </div>
</div>
                <p class="product-incart-info accessible">Produkt nemáte v košíku</p>


        </div>

        
    </div>
</div>

<div class="kosik-modal-overlay product-modal" id="productWidget-widgetCarousel-4-productModal" role="dialog">
    <div class="kosik-modal-inner large super-scaled" id="snippet-productWidget-widgetCarousel-4-productModalArea">
    </div>
</div>


<div class="kosik-modal-overlay" id="productWidget-widgetCarousel-4-productSetModal" role="dialog">
    <div class="kosik-modal-inner large super-scaled" id="snippet-productWidget-widgetCarousel-4-productSetModalArea">
    </div>
</div>
			</div>
		</div>
		<div class="region region-carousel region-products no-aside product-widget">
			<div class="home-product-widget region-inner region-products-inner slick-carousel" data-open="3" data-close="4">
				<div class="block block-title">
					<h3>Nakládané speciality</h3>
				</div>
<script async>

    var onProductModalDestroy = function() {

    	var pageData = window.dataLayer[0];

        pageData["event"] = "ga.pageview";
        pageData["pagePath"] = window.location.pathname;
        pageData["pageTitle"] = window.document.title;

	    dataLayer.push(pageData);
    };
</script>
<div class="block block-product-items product-items" data-ajax-append="product-item" id="snippet-productWidget-widgetCarousel-5-productListArea">
    <div id="product-append-22343" class="product-item">
        <div class="product-item-flags">
        </div>
        <div class="product-item-image">
                <a data-href="/delikatesy?productWidget-widgetCarousel-5-id=22343&amp;do=productWidget-widgetCarousel-5-modal"
                   data-target="productWidget-widgetCarousel-5-productModal"
                   data-product-id="22343"
                   data-product-price="428.9"
                   data-page-title="Agostino Recca Ančovičky ve slunečnicovém oleji 540g"
                   data-page-path="/produkt/22343-agostino-recca-ancovicky-ve-slunecnicovem-oleji-540g"
                   data-user-id=""
                   aria-hidden="true"
                   data-kosikmodal-onclose="onProductModalDestroy"
                   onclick="kosikAjax.click(this, initModalCarousel(this))">
                    <img src="https://cdn.kosik.cz/content/product/jpg/list/placeholder.jpg" data-src="https://cdn.kosik.cz/content/product/jpg/list/39592.jpg" alt="Agostino Recca Ančovičky ve slunečnicovém oleji 540g" class="loading-images loading-image">
                </a>




        </div>
                <div class="product-item-info">
                <h5><a href="javascript:void(0)" aria-label="Agostino Recca Ančovičky ve slunečnicovém oleji 540g" data-href="/delikatesy?productWidget-widgetCarousel-5-id=22343&amp;do=productWidget-widgetCarousel-5-modal" class="product-name modal-link"
                   data-target="productWidget-widgetCarousel-5-productModal" onclick="kosikAjax.click(this, initModalCarousel(this))">
                    Agostino Recca Ančovičky ve slunečnicovém oleji 540g
                    
                </a></h5>
            <p class="product-item-price ">
                <span class="price-before-discount">
				</span>
                <strong class="price">428,90 Kč</strong>

            </p>
            <p class="product-item-unit">
                    (<strong class="price">794,30 Kč</strong> / kg)
            </p>
                        <div class="product-list-rating">
            </div>
<div id="snippet-productWidget-widgetCarousel-5-buy-22343-quantity">        <div class="product-quantity-control">
            <form action="/delikatesy" method="post" class="ajax" id="frm-productWidget-widgetCarousel-5-buy-22343-quantityForm">
                <input type="text" name="quantity" size="3" id="frm-productWidget-widgetCarousel-5-buy-22343-quantityForm-quantity" data-nette-rules='[{"op":":integer","msg":"Množství musí být číslo."}]' value="1" aria-label="počet k přidání">
                <input type="submit" name="_submit" value="Přidat" class="product-quantity-control-submit plus" aria-label="přidat počet do košíku">
            <input type="hidden" name="do" value="productWidget-widgetCarousel-5-buy-22343-quantityForm-submit"><!--[if IE]><input type=IEbug disabled style="display:none"><![endif]-->
</form>

        </div>
</div>
                <p class="product-incart-info accessible">Produkt nemáte v košíku</p>


        </div>

        
    </div>
    <div id="product-append-22342" class="product-item">
        <div class="product-item-flags">
        </div>
        <div class="product-item-image">
                <a data-href="/delikatesy?productWidget-widgetCarousel-5-id=22342&amp;do=productWidget-widgetCarousel-5-modal"
                   data-target="productWidget-widgetCarousel-5-productModal"
                   data-product-id="22342"
                   data-product-price="101.9"
                   data-page-title="Agostino Recca Ančovičky v oleji s chilli 90g"
                   data-page-path="/produkt/22342-agostino-recca-ancovicky-v-oleji-s-chilli-90g"
                   data-user-id=""
                   aria-hidden="true"
                   data-kosikmodal-onclose="onProductModalDestroy"
                   onclick="kosikAjax.click(this, initModalCarousel(this))">
                    <img src="https://cdn.kosik.cz/content/product/jpg/list/placeholder.jpg" data-src="https://cdn.kosik.cz/content/product/jpg/list/39591.jpg" alt="Agostino Recca Ančovičky v oleji s chilli 90g" class="loading-images loading-image">
                </a>




        </div>
                <div class="product-item-info">
                <h5><a href="javascript:void(0)" aria-label="Agostino Recca Ančovičky v oleji s chilli 90g" data-href="/delikatesy?productWidget-widgetCarousel-5-id=22342&amp;do=productWidget-widgetCarousel-5-modal" class="product-name modal-link"
                   data-target="productWidget-widgetCarousel-5-productModal" onclick="kosikAjax.click(this, initModalCarousel(this))">
                    Agostino Recca Ančovičky v oleji s chilli 90g
                    
                </a></h5>
            <p class="product-item-price ">
                <span class="price-before-discount">
				</span>
                <strong class="price">101,90 Kč</strong>

            </p>
            <p class="product-item-unit">
                    (<strong class="price">1 132,20 Kč</strong> / kg)
            </p>
                        <div class="product-list-rating">
            </div>
<div id="snippet-productWidget-widgetCarousel-5-buy-22342-quantity">        <div class="product-quantity-control">
            <form action="/delikatesy" method="post" class="ajax" id="frm-productWidget-widgetCarousel-5-buy-22342-quantityForm">
                <input type="text" name="quantity" size="3" id="frm-productWidget-widgetCarousel-5-buy-22342-quantityForm-quantity" data-nette-rules='[{"op":":integer","msg":"Množství musí být číslo."}]' value="1" aria-label="počet k přidání">
                <input type="submit" name="_submit" value="Přidat" class="product-quantity-control-submit plus" aria-label="přidat počet do košíku">
            <input type="hidden" name="do" value="productWidget-widgetCarousel-5-buy-22342-quantityForm-submit"><!--[if IE]><input type=IEbug disabled style="display:none"><![endif]-->
</form>

        </div>
</div>
                <p class="product-incart-info accessible">Produkt nemáte v košíku</p>


        </div>

        
    </div>
    <div id="product-append-12319" class="product-item">
        <div class="product-item-flags">
        </div>
        <div class="product-item-image">
                <a data-href="/delikatesy?productWidget-widgetCarousel-5-id=12319&amp;do=productWidget-widgetCarousel-5-modal"
                   data-target="productWidget-widgetCarousel-5-productModal"
                   data-product-id="12319"
                   data-product-price="59.9"
                   data-page-title="Delicias Plody kapary medium 250g"
                   data-page-path="/produkt/12319-delicias-plody-kapary-medium-250g"
                   data-user-id=""
                   aria-hidden="true"
                   data-kosikmodal-onclose="onProductModalDestroy"
                   onclick="kosikAjax.click(this, initModalCarousel(this))">
                    <img src="https://cdn.kosik.cz/content/product/jpg/list/placeholder.jpg" data-src="https://cdn.kosik.cz/content/product/jpg/list/29597.jpg" alt="Delicias Plody kapary medium 250g" class="loading-images loading-image">
                </a>




        </div>
                <div class="product-item-info">
                <h5><a href="javascript:void(0)" aria-label="Delicias Plody kapary medium 250g" data-href="/delikatesy?productWidget-widgetCarousel-5-id=12319&amp;do=productWidget-widgetCarousel-5-modal" class="product-name modal-link"
                   data-target="productWidget-widgetCarousel-5-productModal" onclick="kosikAjax.click(this, initModalCarousel(this))">
                    Delicias Plody kapary medium 250g
                    
                </a></h5>
            <p class="product-item-price ">
                <span class="price-before-discount">
				</span>
                <strong class="price">59,90 Kč</strong>

            </p>
            <p class="product-item-unit">
                    (<strong class="price">239,60 Kč</strong> / kg)
            </p>
                        <div class="product-list-rating">
                <span><ul class="rating"><li class="rating-children rating-1 up" data-rating="1"><i class="fa fa-star"></i></li><li class="rating-children rating-2 up" data-rating="2"><i class="fa fa-star"></i></li><li class="rating-children rating-3 up" data-rating="3"><i class="fa fa-star"></i></li><li class="rating-children rating-4 up" data-rating="4"><i class="fa fa-star"></i></li><li class="rating-children rating-5 up" data-rating="5"><i class="fa fa-star"></i></li></ul></span>
            </div>
<div id="snippet-productWidget-widgetCarousel-5-buy-12319-quantity">        <div class="product-quantity-control">
            <form action="/delikatesy" method="post" class="ajax" id="frm-productWidget-widgetCarousel-5-buy-12319-quantityForm">
                <input type="text" name="quantity" size="3" id="frm-productWidget-widgetCarousel-5-buy-12319-quantityForm-quantity" data-nette-rules='[{"op":":integer","msg":"Množství musí být číslo."}]' value="1" aria-label="počet k přidání">
                <input type="submit" name="_submit" value="Přidat" class="product-quantity-control-submit plus" aria-label="přidat počet do košíku">
            <input type="hidden" name="do" value="productWidget-widgetCarousel-5-buy-12319-quantityForm-submit"><!--[if IE]><input type=IEbug disabled style="display:none"><![endif]-->
</form>

        </div>
</div>
                <p class="product-incart-info accessible">Produkt nemáte v košíku</p>


        </div>

        
    </div>
    <div id="product-append-28336" class="product-item">
        <div class="product-item-flags">
        </div>
        <div class="product-item-image">
                <a data-href="/delikatesy?productWidget-widgetCarousel-5-id=28336&amp;do=productWidget-widgetCarousel-5-modal"
                   data-target="productWidget-widgetCarousel-5-productModal"
                   data-product-id="28336"
                   data-product-price="69.9"
                   data-page-title="Dmhermes Olivy černé Kalamata sklo 170g"
                   data-page-path="/produkt/28336-dmhermes-olivy-cerne-kalamata-sklo-170g"
                   data-user-id=""
                   aria-hidden="true"
                   data-kosikmodal-onclose="onProductModalDestroy"
                   onclick="kosikAjax.click(this, initModalCarousel(this))">
                    <img src="https://cdn.kosik.cz/content/product/jpg/list/placeholder.jpg" data-src="https://cdn.kosik.cz/content/product/jpg/list/45674.jpg" alt="Dmhermes Olivy černé Kalamata sklo 170g" class="loading-images loading-image">
                </a>




        </div>
                <div class="product-item-info">
                <h5><a href="javascript:void(0)" aria-label="Dmhermes Olivy černé Kalamata sklo 170g" data-href="/delikatesy?productWidget-widgetCarousel-5-id=28336&amp;do=productWidget-widgetCarousel-5-modal" class="product-name modal-link"
                   data-target="productWidget-widgetCarousel-5-productModal" onclick="kosikAjax.click(this, initModalCarousel(this))">
                    Dmhermes Olivy černé Kalamata sklo 170g
                    
                </a></h5>
            <p class="product-item-price ">
                <span class="price-before-discount">
				</span>
                <strong class="price">69,90 Kč</strong>

            </p>
            <p class="product-item-unit">
                    (<strong class="price">411,20 Kč</strong> / kg)
            </p>
                        <div class="product-list-rating">
            </div>
<div id="snippet-productWidget-widgetCarousel-5-buy-28336-quantity">        <div class="product-quantity-control">
            <form action="/delikatesy" method="post" class="ajax" id="frm-productWidget-widgetCarousel-5-buy-28336-quantityForm">
                <input type="text" name="quantity" size="3" id="frm-productWidget-widgetCarousel-5-buy-28336-quantityForm-quantity" data-nette-rules='[{"op":":integer","msg":"Množství musí být číslo."}]' value="1" aria-label="počet k přidání">
                <input type="submit" name="_submit" value="Přidat" class="product-quantity-control-submit plus" aria-label="přidat počet do košíku">
            <input type="hidden" name="do" value="productWidget-widgetCarousel-5-buy-28336-quantityForm-submit"><!--[if IE]><input type=IEbug disabled style="display:none"><![endif]-->
</form>

        </div>
</div>
                <p class="product-incart-info accessible">Produkt nemáte v košíku</p>


        </div>

        
    </div>
    <div id="product-append-19738" class="product-item">
        <div class="product-item-flags">
        </div>
        <div class="product-item-image">
                <a data-href="/delikatesy?productWidget-widgetCarousel-5-id=19738&amp;do=productWidget-widgetCarousel-5-modal"
                   data-target="productWidget-widgetCarousel-5-productModal"
                   data-product-id="19738"
                   data-product-price="99.9"
                   data-page-title="Kaiser Franz Josef Exclusive Řecké zelené olivy plněné mandlemi v oleji 230g"
                   data-page-path="/produkt/19738-kaiser-franz-josef-exclusive-recke-zelene-olivy-plnene-mandlemi-v-oleji-230g"
                   data-user-id=""
                   aria-hidden="true"
                   data-kosikmodal-onclose="onProductModalDestroy"
                   onclick="kosikAjax.click(this, initModalCarousel(this))">
                    <img src="https://cdn.kosik.cz/content/product/jpg/list/placeholder.jpg" data-src="https://cdn.kosik.cz/content/product/jpg/list/36990.jpg" alt="Kaiser Franz Josef Exclusive Řecké zelené olivy plněné mandlemi v oleji 230g" class="loading-images loading-image">
                </a>




        </div>
                <div class="product-item-info">
                <h5><a href="javascript:void(0)" aria-label="Kaiser Franz Josef Exclusive Řecké zelené olivy plněné mandlemi v oleji 230g" data-href="/delikatesy?productWidget-widgetCarousel-5-id=19738&amp;do=productWidget-widgetCarousel-5-modal" class="product-name modal-link"
                   data-target="productWidget-widgetCarousel-5-productModal" onclick="kosikAjax.click(this, initModalCarousel(this))">
                    Kaiser Franz Josef Exclusive Řecké zelené olivy plněné mandlemi v oleji 230g
                    
                </a></h5>
            <p class="product-item-price ">
                <span class="price-before-discount">
				</span>
                <strong class="price">99,90 Kč</strong>

            </p>
            <p class="product-item-unit">
                    (<strong class="price">434,30 Kč</strong> / kg)
            </p>
                        <div class="product-list-rating">
            </div>
<div id="snippet-productWidget-widgetCarousel-5-buy-19738-quantity">        <div class="product-quantity-control">
            <form action="/delikatesy" method="post" class="ajax" id="frm-productWidget-widgetCarousel-5-buy-19738-quantityForm">
                <input type="text" name="quantity" size="3" id="frm-productWidget-widgetCarousel-5-buy-19738-quantityForm-quantity" data-nette-rules='[{"op":":integer","msg":"Množství musí být číslo."}]' value="1" aria-label="počet k přidání">
                <input type="submit" name="_submit" value="Přidat" class="product-quantity-control-submit plus" aria-label="přidat počet do košíku">
            <input type="hidden" name="do" value="productWidget-widgetCarousel-5-buy-19738-quantityForm-submit"><!--[if IE]><input type=IEbug disabled style="display:none"><![endif]-->
</form>

        </div>
</div>
                <p class="product-incart-info accessible">Produkt nemáte v košíku</p>


        </div>

        
    </div>
</div>

<div class="kosik-modal-overlay product-modal" id="productWidget-widgetCarousel-5-productModal" role="dialog">
    <div class="kosik-modal-inner large super-scaled" id="snippet-productWidget-widgetCarousel-5-productModalArea">
    </div>
</div>


<div class="kosik-modal-overlay" id="productWidget-widgetCarousel-5-productSetModal" role="dialog">
    <div class="kosik-modal-inner large super-scaled" id="snippet-productWidget-widgetCarousel-5-productSetModalArea">
    </div>
</div>
			</div>
		</div>
		<div class="region region-carousel region-products no-aside product-widget">
			<div class="home-product-widget region-inner region-products-inner slick-carousel" data-open="3" data-close="4">
				<div class="block block-title">
					<h3>Oleje a octy</h3>
				</div>
<script async>

    var onProductModalDestroy = function() {

    	var pageData = window.dataLayer[0];

        pageData["event"] = "ga.pageview";
        pageData["pagePath"] = window.location.pathname;
        pageData["pageTitle"] = window.document.title;

	    dataLayer.push(pageData);
    };
</script>
<div class="block block-product-items product-items" data-ajax-append="product-item" id="snippet-productWidget-widgetCarousel-6-productListArea">
    <div id="product-append-22263" class="product-item">
        <div class="product-item-flags">
        </div>
        <div class="product-item-image">
                <a data-href="/delikatesy?productWidget-widgetCarousel-6-id=22263&amp;do=productWidget-widgetCarousel-6-modal"
                   data-target="productWidget-widgetCarousel-6-productModal"
                   data-product-id="22263"
                   data-product-price="531.9"
                   data-page-title="Ursini Terre Del Abbazia Extrapanenský olivový olej 750ml"
                   data-page-path="/produkt/22263-ursini-terre-del-abbazia-extrapanensky-olivovy-olej-750ml"
                   data-user-id=""
                   aria-hidden="true"
                   data-kosikmodal-onclose="onProductModalDestroy"
                   onclick="kosikAjax.click(this, initModalCarousel(this))">
                    <img src="https://cdn.kosik.cz/content/product/jpg/list/placeholder.jpg" data-src="https://cdn.kosik.cz/content/product/jpg/list/39512.jpg" alt="Ursini Terre Del Abbazia Extrapanenský olivový olej 750ml" class="loading-images loading-image">
                </a>




        </div>
                <div class="product-item-info">
                <h5><a href="javascript:void(0)" aria-label="Ursini Terre Del Abbazia Extrapanenský olivový olej 750ml" data-href="/delikatesy?productWidget-widgetCarousel-6-id=22263&amp;do=productWidget-widgetCarousel-6-modal" class="product-name modal-link"
                   data-target="productWidget-widgetCarousel-6-productModal" onclick="kosikAjax.click(this, initModalCarousel(this))">
                    Ursini Terre Del Abbazia Extrapanenský olivový olej 750ml
                    
                </a></h5>
            <p class="product-item-price ">
                <span class="price-before-discount">
				</span>
                <strong class="price">531,90 Kč</strong>

            </p>
            <p class="product-item-unit">
                    (<strong class="price">709,20 Kč</strong> / l)
            </p>
                        <div class="product-list-rating">
            </div>
<div id="snippet-productWidget-widgetCarousel-6-buy-22263-quantity">        <div class="product-quantity-control">
            <form action="/delikatesy" method="post" class="ajax" id="frm-productWidget-widgetCarousel-6-buy-22263-quantityForm">
                <input type="text" name="quantity" size="3" id="frm-productWidget-widgetCarousel-6-buy-22263-quantityForm-quantity" data-nette-rules='[{"op":":integer","msg":"Množství musí být číslo."}]' value="1" aria-label="počet k přidání">
                <input type="submit" name="_submit" value="Přidat" class="product-quantity-control-submit plus" aria-label="přidat počet do košíku">
            <input type="hidden" name="do" value="productWidget-widgetCarousel-6-buy-22263-quantityForm-submit"><!--[if IE]><input type=IEbug disabled style="display:none"><![endif]-->
</form>

        </div>
</div>
                <p class="product-incart-info accessible">Produkt nemáte v košíku</p>


        </div>

        
    </div>
    <div id="product-append-22365" class="product-item">
        <div class="product-item-flags">
            <div class="flag-sale ">
                <span class="percents">17<small>&#37;</small></span>
            </div>
        </div>
        <div class="product-item-image">
                <a data-href="/delikatesy?productWidget-widgetCarousel-6-id=22365&amp;do=productWidget-widgetCarousel-6-modal"
                   data-target="productWidget-widgetCarousel-6-productModal"
                   data-product-id="22365"
                   data-product-price="361.9"
                   data-page-title="Casa Rinaldi Dochucovací sada olivový olej a balsamikový ocet 200ml"
                   data-page-path="/produkt/22365-casa-rinaldi-dochucovaci-sada-olivovy-olej-a-balsamikovy-ocet-200ml"
                   data-user-id=""
                   aria-hidden="true"
                   data-kosikmodal-onclose="onProductModalDestroy"
                   onclick="kosikAjax.click(this, initModalCarousel(this))">
                    <img src="https://cdn.kosik.cz/content/product/jpg/list/placeholder.jpg" data-src="https://cdn.kosik.cz/content/product/jpg/list/39614.jpg" alt="Casa Rinaldi Dochucovací sada olivový olej a balsamikový ocet 200ml" class="loading-images loading-image">
                </a>




        </div>
                <div class="product-item-info">
                <h5><a href="javascript:void(0)" aria-label="Casa Rinaldi Dochucovací sada olivový olej a balsamikový ocet 200ml" data-href="/delikatesy?productWidget-widgetCarousel-6-id=22365&amp;do=productWidget-widgetCarousel-6-modal" class="product-name modal-link"
                   data-target="productWidget-widgetCarousel-6-productModal" onclick="kosikAjax.click(this, initModalCarousel(this))">
                    Casa Rinaldi Dochucovací sada olivový olej a balsamikový ocet 200ml
                    
                </a></h5>
            <p class="product-item-price product-in-discount">
                <span class="price-before-discount">
					<span><strong class="price">361,90 Kč</strong></span>
				</span>
                <strong class="price">299,90 Kč</strong>

            </p>
            <p class="product-item-unit">
                    (<strong class="price">1 499,50 Kč</strong> / l)
            </p>
                        <div class="product-list-rating">
            </div>
<div id="snippet-productWidget-widgetCarousel-6-buy-22365-quantity">        <div class="product-quantity-control">
            <form action="/delikatesy" method="post" class="ajax" id="frm-productWidget-widgetCarousel-6-buy-22365-quantityForm">
                <input type="text" name="quantity" size="3" id="frm-productWidget-widgetCarousel-6-buy-22365-quantityForm-quantity" data-nette-rules='[{"op":":integer","msg":"Množství musí být číslo."}]' value="1" aria-label="počet k přidání">
                <input type="submit" name="_submit" value="Přidat" class="product-quantity-control-submit plus" aria-label="přidat počet do košíku">
            <input type="hidden" name="do" value="productWidget-widgetCarousel-6-buy-22365-quantityForm-submit"><!--[if IE]><input type=IEbug disabled style="display:none"><![endif]-->
</form>

        </div>
</div>
                <p class="product-incart-info accessible">Produkt nemáte v košíku</p>


        </div>

        
    </div>
    <div id="product-append-32315" class="product-item">
        <div class="product-item-flags">
        </div>
        <div class="product-item-image">
                <a data-href="/delikatesy?productWidget-widgetCarousel-6-id=32315&amp;do=productWidget-widgetCarousel-6-modal"
                   data-target="productWidget-widgetCarousel-6-productModal"
                   data-product-id="32315"
                   data-product-price="89.9"
                   data-page-title="Pons Vinný ocet Merlot 250ml"
                   data-page-path="/produkt/32315-pons-vinny-ocet-merlot-250ml"
                   data-user-id=""
                   aria-hidden="true"
                   data-kosikmodal-onclose="onProductModalDestroy"
                   onclick="kosikAjax.click(this, initModalCarousel(this))">
                    <img src="https://cdn.kosik.cz/content/product/jpg/list/placeholder.jpg" data-src="https://cdn.kosik.cz/content/product/jpg/list/49805.jpg" alt="Pons Vinný ocet Merlot 250ml" class="loading-images loading-image">
                </a>




        </div>
                <div class="product-item-info">
                <h5><a href="javascript:void(0)" aria-label="Pons Vinný ocet Merlot 250ml" data-href="/delikatesy?productWidget-widgetCarousel-6-id=32315&amp;do=productWidget-widgetCarousel-6-modal" class="product-name modal-link"
                   data-target="productWidget-widgetCarousel-6-productModal" onclick="kosikAjax.click(this, initModalCarousel(this))">
                    Pons Vinný ocet Merlot 250ml
                    
                </a></h5>
            <p class="product-item-price ">
                <span class="price-before-discount">
				</span>
                <strong class="price">89,90 Kč</strong>

            </p>
            <p class="product-item-unit">
                    (<strong class="price">359,60 Kč</strong> / l)
            </p>
                        <div class="product-list-rating">
            </div>
<div id="snippet-productWidget-widgetCarousel-6-buy-32315-quantity">        <div class="product-quantity-control">
            <form action="/delikatesy" method="post" class="ajax" id="frm-productWidget-widgetCarousel-6-buy-32315-quantityForm">
                <input type="text" name="quantity" size="3" id="frm-productWidget-widgetCarousel-6-buy-32315-quantityForm-quantity" data-nette-rules='[{"op":":integer","msg":"Množství musí být číslo."}]' value="1" aria-label="počet k přidání">
                <input type="submit" name="_submit" value="Přidat" class="product-quantity-control-submit plus" aria-label="přidat počet do košíku">
            <input type="hidden" name="do" value="productWidget-widgetCarousel-6-buy-32315-quantityForm-submit"><!--[if IE]><input type=IEbug disabled style="display:none"><![endif]-->
</form>

        </div>
</div>
                <p class="product-incart-info accessible">Produkt nemáte v košíku</p>


        </div>

        
    </div>
    <div id="product-append-22287" class="product-item">
        <div class="product-item-flags">
        </div>
        <div class="product-item-image">
                <a data-href="/delikatesy?productWidget-widgetCarousel-6-id=22287&amp;do=productWidget-widgetCarousel-6-modal"
                   data-target="productWidget-widgetCarousel-6-productModal"
                   data-product-id="22287"
                   data-product-price="347.9"
                   data-page-title="Casa Rinaldi Balsamický ocet 8 let 250ml"
                   data-page-path="/produkt/22287-casa-rinaldi-balsamicky-ocet-8-let-250ml"
                   data-user-id=""
                   aria-hidden="true"
                   data-kosikmodal-onclose="onProductModalDestroy"
                   onclick="kosikAjax.click(this, initModalCarousel(this))">
                    <img src="https://cdn.kosik.cz/content/product/jpg/list/placeholder.jpg" data-src="https://cdn.kosik.cz/content/product/jpg/list/39536.jpg" alt="Casa Rinaldi Balsamický ocet 8 let 250ml" class="loading-images loading-image">
                </a>




        </div>
                <div class="product-item-info">
                <h5><a href="javascript:void(0)" aria-label="Casa Rinaldi Balsamický ocet 8 let 250ml" data-href="/delikatesy?productWidget-widgetCarousel-6-id=22287&amp;do=productWidget-widgetCarousel-6-modal" class="product-name modal-link"
                   data-target="productWidget-widgetCarousel-6-productModal" onclick="kosikAjax.click(this, initModalCarousel(this))">
                    Casa Rinaldi Balsamický ocet 8 let 250ml
                    
                </a></h5>
            <p class="product-item-price ">
                <span class="price-before-discount">
				</span>
                <strong class="price">347,90 Kč</strong>

            </p>
            <p class="product-item-unit">
                    (<strong class="price">1 391,60 Kč</strong> / l)
            </p>
                        <div class="product-list-rating">
            </div>
<div id="snippet-productWidget-widgetCarousel-6-buy-22287-quantity">        <div class="product-quantity-control">
            <form action="/delikatesy" method="post" class="ajax" id="frm-productWidget-widgetCarousel-6-buy-22287-quantityForm">
                <input type="text" name="quantity" size="3" id="frm-productWidget-widgetCarousel-6-buy-22287-quantityForm-quantity" data-nette-rules='[{"op":":integer","msg":"Množství musí být číslo."}]' value="1" aria-label="počet k přidání">
                <input type="submit" name="_submit" value="Přidat" class="product-quantity-control-submit plus" aria-label="přidat počet do košíku">
            <input type="hidden" name="do" value="productWidget-widgetCarousel-6-buy-22287-quantityForm-submit"><!--[if IE]><input type=IEbug disabled style="display:none"><![endif]-->
</form>

        </div>
</div>
                <p class="product-incart-info accessible">Produkt nemáte v košíku</p>


        </div>

        
    </div>
    <div id="product-append-22289" class="product-item">
        <div class="product-item-flags">
        </div>
        <div class="product-item-image">
                <a data-href="/delikatesy?productWidget-widgetCarousel-6-id=22289&amp;do=productWidget-widgetCarousel-6-modal"
                   data-target="productWidget-widgetCarousel-6-productModal"
                   data-product-id="22289"
                   data-product-price="288.9"
                   data-page-title="Casa Rinaldi Sada ochucených olejů dressinků 6x18ml"
                   data-page-path="/produkt/22289-casa-rinaldi-sada-ochucenych-oleju-dressinku-6x18ml"
                   data-user-id=""
                   aria-hidden="true"
                   data-kosikmodal-onclose="onProductModalDestroy"
                   onclick="kosikAjax.click(this, initModalCarousel(this))">
                    <img src="https://cdn.kosik.cz/content/product/jpg/list/placeholder.jpg" data-src="https://cdn.kosik.cz/content/product/jpg/list/39538.jpg" alt="Casa Rinaldi Sada ochucených olejů dressinků 6x18ml" class="loading-images loading-image">
                </a>




        </div>
                <div class="product-item-info">
                <h5><a href="javascript:void(0)" aria-label="Casa Rinaldi Sada ochucených olejů dressinků 6x18ml" data-href="/delikatesy?productWidget-widgetCarousel-6-id=22289&amp;do=productWidget-widgetCarousel-6-modal" class="product-name modal-link"
                   data-target="productWidget-widgetCarousel-6-productModal" onclick="kosikAjax.click(this, initModalCarousel(this))">
                    Casa Rinaldi Sada ochucených olejů dressinků 6x18ml
                    
                </a></h5>
            <p class="product-item-price ">
                <span class="price-before-discount">
				</span>
                <strong class="price">288,90 Kč</strong>

            </p>
            <p class="product-item-unit">
                    (<strong class="price">2 675,00 Kč</strong> / l)
            </p>
                        <div class="product-list-rating">
            </div>
<div id="snippet-productWidget-widgetCarousel-6-buy-22289-quantity">        <div class="product-quantity-control">
            <form action="/delikatesy" method="post" class="ajax" id="frm-productWidget-widgetCarousel-6-buy-22289-quantityForm">
                <input type="text" name="quantity" size="3" id="frm-productWidget-widgetCarousel-6-buy-22289-quantityForm-quantity" data-nette-rules='[{"op":":integer","msg":"Množství musí být číslo."}]' value="1" aria-label="počet k přidání">
                <input type="submit" name="_submit" value="Přidat" class="product-quantity-control-submit plus" aria-label="přidat počet do košíku">
            <input type="hidden" name="do" value="productWidget-widgetCarousel-6-buy-22289-quantityForm-submit"><!--[if IE]><input type=IEbug disabled style="display:none"><![endif]-->
</form>

        </div>
</div>
                <p class="product-incart-info accessible">Produkt nemáte v košíku</p>


        </div>

        
    </div>
    <div id="product-append-23072" class="product-item">
        <div class="product-item-flags">
        </div>
        <div class="product-item-image">
                <a data-href="/delikatesy?productWidget-widgetCarousel-6-id=23072&amp;do=productWidget-widgetCarousel-6-modal"
                   data-target="productWidget-widgetCarousel-6-productModal"
                   data-product-id="23072"
                   data-product-price="99.9"
                   data-page-title="Papadimitriou Kalamata Balsamiko krém s fíky 250ml"
                   data-page-path="/produkt/23072-papadimitriou-kalamata-balsamiko-krem-s-fiky-250ml"
                   data-user-id=""
                   aria-hidden="true"
                   data-kosikmodal-onclose="onProductModalDestroy"
                   onclick="kosikAjax.click(this, initModalCarousel(this))">
                    <img src="https://cdn.kosik.cz/content/product/jpg/list/placeholder.jpg" data-src="https://cdn.kosik.cz/content/product/jpg/list/40321.jpg" alt="Papadimitriou Kalamata Balsamiko krém s fíky 250ml" class="loading-images loading-image">
                </a>




        </div>
                <div class="product-item-info">
                <h5><a href="javascript:void(0)" aria-label="Papadimitriou Kalamata Balsamiko krém s fíky 250ml" data-href="/delikatesy?productWidget-widgetCarousel-6-id=23072&amp;do=productWidget-widgetCarousel-6-modal" class="product-name modal-link"
                   data-target="productWidget-widgetCarousel-6-productModal" onclick="kosikAjax.click(this, initModalCarousel(this))">
                    Papadimitriou Kalamata Balsamiko krém s fíky 250ml
                    
                </a></h5>
            <p class="product-item-price ">
                <span class="price-before-discount">
				</span>
                <strong class="price">99,90 Kč</strong>

            </p>
            <p class="product-item-unit">
                    (<strong class="price">399,60 Kč</strong> / l)
            </p>
                        <div class="product-list-rating">
                <span><ul class="rating"><li class="rating-children rating-1 up" data-rating="1"><i class="fa fa-star"></i></li><li class="rating-children rating-2 up" data-rating="2"><i class="fa fa-star"></i></li><li class="rating-children rating-3 up" data-rating="3"><i class="fa fa-star"></i></li><li class="rating-children rating-4 up" data-rating="4"><i class="fa fa-star"></i></li><li class="rating-children rating-5 up" data-rating="5"><i class="fa fa-star"></i></li></ul></span>
            </div>
<div id="snippet-productWidget-widgetCarousel-6-buy-23072-quantity">        <div class="product-quantity-control">
            <form action="/delikatesy" method="post" class="ajax" id="frm-productWidget-widgetCarousel-6-buy-23072-quantityForm">
                <input type="text" name="quantity" size="3" id="frm-productWidget-widgetCarousel-6-buy-23072-quantityForm-quantity" data-nette-rules='[{"op":":integer","msg":"Množství musí být číslo."}]' value="1" aria-label="počet k přidání">
                <input type="submit" name="_submit" value="Přidat" class="product-quantity-control-submit plus" aria-label="přidat počet do košíku">
            <input type="hidden" name="do" value="productWidget-widgetCarousel-6-buy-23072-quantityForm-submit"><!--[if IE]><input type=IEbug disabled style="display:none"><![endif]-->
</form>

        </div>
</div>
                <p class="product-incart-info accessible">Produkt nemáte v košíku</p>


        </div>

        
    </div>
    <div id="product-append-22286" class="product-item">
        <div class="product-item-flags">
            <div class="flag-sale ">
                <span class="percents">19<small>&#37;</small></span>
            </div>
        </div>
        <div class="product-item-image">
                <a data-href="/delikatesy?productWidget-widgetCarousel-6-id=22286&amp;do=productWidget-widgetCarousel-6-modal"
                   data-target="productWidget-widgetCarousel-6-productModal"
                   data-product-id="22286"
                   data-product-price="110.9"
                   data-page-title="Casa Rinaldi Dressing z balzamikového octa a černých oliv 250ml"
                   data-page-path="/produkt/22286-casa-rinaldi-dressing-z-balzamikoveho-octa-a-cernych-oliv-250ml"
                   data-user-id=""
                   aria-hidden="true"
                   data-kosikmodal-onclose="onProductModalDestroy"
                   onclick="kosikAjax.click(this, initModalCarousel(this))">
                    <img src="https://cdn.kosik.cz/content/product/jpg/list/placeholder.jpg" data-src="https://cdn.kosik.cz/content/product/jpg/list/39535.jpg" alt="Casa Rinaldi Dressing z balzamikového octa a černých oliv 250ml" class="loading-images loading-image">
                </a>




        </div>
                <div class="product-item-info">
                <h5><a href="javascript:void(0)" aria-label="Casa Rinaldi Dressing z balzamikového octa a černých oliv 250ml" data-href="/delikatesy?productWidget-widgetCarousel-6-id=22286&amp;do=productWidget-widgetCarousel-6-modal" class="product-name modal-link"
                   data-target="productWidget-widgetCarousel-6-productModal" onclick="kosikAjax.click(this, initModalCarousel(this))">
                    Casa Rinaldi Dressing z balzamikového octa a černých oliv 250ml
                    
                </a></h5>
            <p class="product-item-price product-in-discount">
                <span class="price-before-discount">
					<span><strong class="price">110,90 Kč</strong></span>
				</span>
                <strong class="price">89,90 Kč</strong>

            </p>
            <p class="product-item-unit">
                    (<strong class="price">359,60 Kč</strong> / l)
            </p>
                        <div class="product-list-rating">
            </div>
<div id="snippet-productWidget-widgetCarousel-6-buy-22286-quantity">        <div class="product-quantity-control">
            <form action="/delikatesy" method="post" class="ajax" id="frm-productWidget-widgetCarousel-6-buy-22286-quantityForm">
                <input type="text" name="quantity" size="3" id="frm-productWidget-widgetCarousel-6-buy-22286-quantityForm-quantity" data-nette-rules='[{"op":":integer","msg":"Množství musí být číslo."}]' value="1" aria-label="počet k přidání">
                <input type="submit" name="_submit" value="Přidat" class="product-quantity-control-submit plus" aria-label="přidat počet do košíku">
            <input type="hidden" name="do" value="productWidget-widgetCarousel-6-buy-22286-quantityForm-submit"><!--[if IE]><input type=IEbug disabled style="display:none"><![endif]-->
</form>

        </div>
</div>
                <p class="product-incart-info accessible">Produkt nemáte v košíku</p>


        </div>

        
    </div>
    <div id="product-append-22440" class="product-item">
        <div class="product-item-flags">
        </div>
        <div class="product-item-image">
                <a data-href="/delikatesy?productWidget-widgetCarousel-6-id=22440&amp;do=productWidget-widgetCarousel-6-modal"
                   data-target="productWidget-widgetCarousel-6-productModal"
                   data-product-id="22440"
                   data-product-price="110.9"
                   data-page-title="Casa Rinaldi Aceto di lampone Ocet malinový 250ml"
                   data-page-path="/produkt/22440-casa-rinaldi-aceto-di-lampone-ocet-malinovy-250ml"
                   data-user-id=""
                   aria-hidden="true"
                   data-kosikmodal-onclose="onProductModalDestroy"
                   onclick="kosikAjax.click(this, initModalCarousel(this))">
                    <img src="https://cdn.kosik.cz/content/product/jpg/list/placeholder.jpg" data-src="https://cdn.kosik.cz/content/product/jpg/list/39689.jpg" alt="Casa Rinaldi Aceto di lampone Ocet malinový 250ml" class="loading-images loading-image">
                </a>




        </div>
                <div class="product-item-info">
                <h5><a href="javascript:void(0)" aria-label="Casa Rinaldi Aceto di lampone Ocet malinový 250ml" data-href="/delikatesy?productWidget-widgetCarousel-6-id=22440&amp;do=productWidget-widgetCarousel-6-modal" class="product-name modal-link"
                   data-target="productWidget-widgetCarousel-6-productModal" onclick="kosikAjax.click(this, initModalCarousel(this))">
                    Casa Rinaldi Aceto di lampone Ocet malinový 250ml
                    
                </a></h5>
            <p class="product-item-price ">
                <span class="price-before-discount">
				</span>
                <strong class="price">110,90 Kč</strong>

            </p>
            <p class="product-item-unit">
                    (<strong class="price">443,60 Kč</strong> / l)
            </p>
                        <div class="product-list-rating">
            </div>
<div id="snippet-productWidget-widgetCarousel-6-buy-22440-quantity">        <div class="product-quantity-control">
            <form action="/delikatesy" method="post" class="ajax" id="frm-productWidget-widgetCarousel-6-buy-22440-quantityForm">
                <input type="text" name="quantity" size="3" id="frm-productWidget-widgetCarousel-6-buy-22440-quantityForm-quantity" data-nette-rules='[{"op":":integer","msg":"Množství musí být číslo."}]' value="1" aria-label="počet k přidání">
                <input type="submit" name="_submit" value="Přidat" class="product-quantity-control-submit plus" aria-label="přidat počet do košíku">
            <input type="hidden" name="do" value="productWidget-widgetCarousel-6-buy-22440-quantityForm-submit"><!--[if IE]><input type=IEbug disabled style="display:none"><![endif]-->
</form>

        </div>
</div>
                <p class="product-incart-info accessible">Produkt nemáte v košíku</p>


        </div>

        
    </div>
</div>

<div class="kosik-modal-overlay product-modal" id="productWidget-widgetCarousel-6-productModal" role="dialog">
    <div class="kosik-modal-inner large super-scaled" id="snippet-productWidget-widgetCarousel-6-productModalArea">
    </div>
</div>


<div class="kosik-modal-overlay" id="productWidget-widgetCarousel-6-productSetModal" role="dialog">
    <div class="kosik-modal-inner large super-scaled" id="snippet-productWidget-widgetCarousel-6-productSetModalArea">
    </div>
</div>
			</div>
		</div>
		<div class="region region-carousel region-products no-aside product-widget">
			<div class="home-product-widget region-inner region-products-inner slick-carousel" data-open="3" data-close="4">
				<div class="block block-title">
					<h3>Káva a čaj</h3>
				</div>
<script async>

    var onProductModalDestroy = function() {

    	var pageData = window.dataLayer[0];

        pageData["event"] = "ga.pageview";
        pageData["pagePath"] = window.location.pathname;
        pageData["pageTitle"] = window.document.title;

	    dataLayer.push(pageData);
    };
</script>
<div class="block block-product-items product-items" data-ajax-append="product-item" id="snippet-productWidget-widgetCarousel-7-productListArea">
    <div id="product-append-31554" class="product-item">
        <div class="product-item-flags">
        </div>
        <div class="product-item-image">
                <a data-href="/delikatesy?productWidget-widgetCarousel-7-id=31554&amp;do=productWidget-widgetCarousel-7-modal"
                   data-target="productWidget-widgetCarousel-7-productModal"
                   data-product-id="31554"
                   data-product-price="119.9"
                   data-page-title="Hampstead BIO Chai zelený detoxikační čaj s orientálním kořením 20ks"
                   data-page-path="/produkt/31554-hampstead-bio-chai-zeleny-detoxikacni-caj-s-orientalnim-korenim-20ks"
                   data-user-id=""
                   aria-hidden="true"
                   data-kosikmodal-onclose="onProductModalDestroy"
                   onclick="kosikAjax.click(this, initModalCarousel(this))">
                    <img src="https://cdn.kosik.cz/content/product/jpg/list/placeholder.jpg" data-src="https://cdn.kosik.cz/content/product/jpg/list/48986.jpg" alt="Hampstead BIO Chai zelený detoxikační čaj s orientálním kořením 20ks" class="loading-images loading-image">
                </a>




        </div>
                <div class="product-item-info">
                <h5><a href="javascript:void(0)" aria-label="Hampstead BIO Chai zelený detoxikační čaj s orientálním kořením 20ks" data-href="/delikatesy?productWidget-widgetCarousel-7-id=31554&amp;do=productWidget-widgetCarousel-7-modal" class="product-name modal-link"
                   data-target="productWidget-widgetCarousel-7-productModal" onclick="kosikAjax.click(this, initModalCarousel(this))">
                    Hampstead BIO Chai zelený detoxikační čaj s orientálním kořením 20ks
                    
                </a></h5>
            <p class="product-item-price ">
                <span class="price-before-discount">
				</span>
                <strong class="price">119,90 Kč</strong>

            </p>
            <p class="product-item-unit">
                    (<strong class="price">6,00 Kč</strong> / ks)
            </p>
                        <div class="product-list-rating">
            </div>
<div id="snippet-productWidget-widgetCarousel-7-buy-31554-quantity">        <div class="product-quantity-control">
            <form action="/delikatesy" method="post" class="ajax" id="frm-productWidget-widgetCarousel-7-buy-31554-quantityForm">
                <input type="text" name="quantity" size="3" id="frm-productWidget-widgetCarousel-7-buy-31554-quantityForm-quantity" data-nette-rules='[{"op":":integer","msg":"Množství musí být číslo."}]' value="1" aria-label="počet k přidání">
                <input type="submit" name="_submit" value="Přidat" class="product-quantity-control-submit plus" aria-label="přidat počet do košíku">
            <input type="hidden" name="do" value="productWidget-widgetCarousel-7-buy-31554-quantityForm-submit"><!--[if IE]><input type=IEbug disabled style="display:none"><![endif]-->
</form>

        </div>
</div>
                <p class="product-incart-info accessible">Produkt nemáte v košíku</p>


        </div>

        
    </div>
    <div id="product-append-47863" class="product-item">
        <div class="product-item-flags">
            <div class="flag-sale ">
                <span class="percents">16<small>&#37;</small></span>
            </div>
        </div>
        <div class="product-item-image">
                <a data-href="/delikatesy?productWidget-widgetCarousel-7-id=47863&amp;do=productWidget-widgetCarousel-7-modal"
                   data-target="productWidget-widgetCarousel-7-productModal"
                   data-product-id="47863"
                   data-product-price="319"
                   data-page-title="Café Majada San Fernando káva zrnková 225g"
                   data-page-path="/produkt/47863-cafe-majada-san-fernando-kava-zrnkova-225g"
                   data-user-id=""
                   aria-hidden="true"
                   data-kosikmodal-onclose="onProductModalDestroy"
                   onclick="kosikAjax.click(this, initModalCarousel(this))">
                    <img src="https://cdn.kosik.cz/content/product/jpg/list/placeholder.jpg" data-src="https://cdn.kosik.cz/content/product/jpg/list/65384.jpg" alt="Café Majada San Fernando káva zrnková 225g" class="loading-images loading-image">
                </a>




        </div>
                <div class="product-item-info">
                <h5><a href="javascript:void(0)" aria-label="Café Majada San Fernando káva zrnková 225g" data-href="/delikatesy?productWidget-widgetCarousel-7-id=47863&amp;do=productWidget-widgetCarousel-7-modal" class="product-name modal-link"
                   data-target="productWidget-widgetCarousel-7-productModal" onclick="kosikAjax.click(this, initModalCarousel(this))">
                    Café Majada San Fernando káva zrnková 225g
                    
                </a></h5>
            <p class="product-item-price product-in-discount">
                <span class="price-before-discount">
					<span><strong class="price">319,00 Kč</strong></span>
				</span>
                <strong class="price">269,00 Kč</strong>

            </p>
            <p class="product-item-unit">
                    (<strong class="price">1 195,60 Kč</strong> / kg)
            </p>
                        <div class="product-list-rating">
            </div>
<div id="snippet-productWidget-widgetCarousel-7-buy-47863-quantity">        <div class="product-quantity-control">
            <form action="/delikatesy" method="post" class="ajax" id="frm-productWidget-widgetCarousel-7-buy-47863-quantityForm">
                <input type="text" name="quantity" size="3" id="frm-productWidget-widgetCarousel-7-buy-47863-quantityForm-quantity" data-nette-rules='[{"op":":integer","msg":"Množství musí být číslo."}]' value="1" aria-label="počet k přidání">
                <input type="submit" name="_submit" value="Přidat" class="product-quantity-control-submit plus" aria-label="přidat počet do košíku">
            <input type="hidden" name="do" value="productWidget-widgetCarousel-7-buy-47863-quantityForm-submit"><!--[if IE]><input type=IEbug disabled style="display:none"><![endif]-->
</form>

        </div>
</div>
                <p class="product-incart-info accessible">Produkt nemáte v košíku</p>


        </div>

        
    </div>
    <div id="product-append-36850" class="product-item">
        <div class="product-item-flags">
        </div>
        <div class="product-item-image">
                <a data-href="/delikatesy?productWidget-widgetCarousel-7-id=36850&amp;do=productWidget-widgetCarousel-7-modal"
                   data-target="productWidget-widgetCarousel-7-productModal"
                   data-product-id="36850"
                   data-product-price="149.9"
                   data-page-title="Twinings Darjeeling Černý čaj s příchutí muškátu 100g"
                   data-page-path="/produkt/36850-twinings-darjeeling-cerny-caj-s-prichuti-muskatu-100g"
                   data-user-id=""
                   aria-hidden="true"
                   data-kosikmodal-onclose="onProductModalDestroy"
                   onclick="kosikAjax.click(this, initModalCarousel(this))">
                    <img src="https://cdn.kosik.cz/content/product/jpg/list/placeholder.jpg" data-src="https://cdn.kosik.cz/content/product/jpg/list/54468.jpg" alt="Twinings Darjeeling Černý čaj s příchutí muškátu 100g" class="loading-images loading-image">
                </a>




        </div>
                <div class="product-item-info">
                <h5><a href="javascript:void(0)" aria-label="Twinings Darjeeling Černý čaj s příchutí muškátu 100g" data-href="/delikatesy?productWidget-widgetCarousel-7-id=36850&amp;do=productWidget-widgetCarousel-7-modal" class="product-name modal-link"
                   data-target="productWidget-widgetCarousel-7-productModal" onclick="kosikAjax.click(this, initModalCarousel(this))">
                    Twinings Darjeeling Černý čaj s příchutí muškátu 100g
                    
                </a></h5>
            <p class="product-item-price ">
                <span class="price-before-discount">
				</span>
                <strong class="price">149,90 Kč</strong>

            </p>
            <p class="product-item-unit">
                    (<strong class="price">1 499,00 Kč</strong> / kg)
            </p>
                        <div class="product-list-rating">
            </div>
<div id="snippet-productWidget-widgetCarousel-7-buy-36850-quantity">        <div class="product-quantity-control">
            <form action="/delikatesy" method="post" class="ajax" id="frm-productWidget-widgetCarousel-7-buy-36850-quantityForm">
                <input type="text" name="quantity" size="3" id="frm-productWidget-widgetCarousel-7-buy-36850-quantityForm-quantity" data-nette-rules='[{"op":":integer","msg":"Množství musí být číslo."}]' value="1" aria-label="počet k přidání">
                <input type="submit" name="_submit" value="Přidat" class="product-quantity-control-submit plus" aria-label="přidat počet do košíku">
            <input type="hidden" name="do" value="productWidget-widgetCarousel-7-buy-36850-quantityForm-submit"><!--[if IE]><input type=IEbug disabled style="display:none"><![endif]-->
</form>

        </div>
</div>
                <p class="product-incart-info accessible">Produkt nemáte v košíku</p>


        </div>

        
    </div>
    <div id="product-append-48225" class="product-item">
        <div class="product-item-flags">
        </div>
        <div class="product-item-image">
                <a data-href="/delikatesy?productWidget-widgetCarousel-7-id=48225&amp;do=productWidget-widgetCarousel-7-modal"
                   data-target="productWidget-widgetCarousel-7-productModal"
                   data-product-id="48225"
                   data-product-price="529.9"
                   data-page-title="Pepe Coffee Espresso Blend Premium 1kg"
                   data-page-path="/produkt/48225-pepe-coffee-espresso-blend-premium-1kg"
                   data-user-id=""
                   aria-hidden="true"
                   data-kosikmodal-onclose="onProductModalDestroy"
                   onclick="kosikAjax.click(this, initModalCarousel(this))">
                    <img src="https://cdn.kosik.cz/content/product/jpg/list/placeholder.jpg" data-src="https://cdn.kosik.cz/content/product/jpg/list/65757.jpg" alt="Pepe Coffee Espresso Blend Premium 1kg" class="loading-images loading-image">
                </a>




        </div>
                <div class="product-item-info">
                <h5><a href="javascript:void(0)" aria-label="Pepe Coffee Espresso Blend Premium 1kg" data-href="/delikatesy?productWidget-widgetCarousel-7-id=48225&amp;do=productWidget-widgetCarousel-7-modal" class="product-name modal-link"
                   data-target="productWidget-widgetCarousel-7-productModal" onclick="kosikAjax.click(this, initModalCarousel(this))">
                    Pepe Coffee Espresso Blend Premium 1kg
                    
                </a></h5>
            <p class="product-item-price ">
                <span class="price-before-discount">
				</span>
                <strong class="price">529,90 Kč</strong>

            </p>
            <p class="product-item-unit">
                    (<strong class="price">529,90 Kč</strong> / kg)
            </p>
                        <div class="product-list-rating">
            </div>
<div id="snippet-productWidget-widgetCarousel-7-buy-48225-quantity">        <div class="product-quantity-control">
            <form action="/delikatesy" method="post" class="ajax" id="frm-productWidget-widgetCarousel-7-buy-48225-quantityForm">
                <input type="text" name="quantity" size="3" id="frm-productWidget-widgetCarousel-7-buy-48225-quantityForm-quantity" data-nette-rules='[{"op":":integer","msg":"Množství musí být číslo."}]' value="1" aria-label="počet k přidání">
                <input type="submit" name="_submit" value="Přidat" class="product-quantity-control-submit plus" aria-label="přidat počet do košíku">
            <input type="hidden" name="do" value="productWidget-widgetCarousel-7-buy-48225-quantityForm-submit"><!--[if IE]><input type=IEbug disabled style="display:none"><![endif]-->
</form>

        </div>
</div>
                <p class="product-incart-info accessible">Produkt nemáte v košíku</p>


        </div>

        
    </div>
    <div id="product-append-34864" class="product-item">
        <div class="product-item-flags">
        </div>
        <div class="product-item-image">
                <a data-href="/delikatesy?productWidget-widgetCarousel-7-id=34864&amp;do=productWidget-widgetCarousel-7-modal"
                   data-target="productWidget-widgetCarousel-7-productModal"
                   data-product-id="34864"
                   data-product-price="499"
                   data-page-title="Café Intención ecológico Caffe Crema BIO znková káva 1kg"
                   data-page-path="/produkt/34864-cafe-intencion-ecologico-caffe-crema-bio-znkova-kava-1kg"
                   data-user-id=""
                   aria-hidden="true"
                   data-kosikmodal-onclose="onProductModalDestroy"
                   onclick="kosikAjax.click(this, initModalCarousel(this))">
                    <img src="https://cdn.kosik.cz/content/product/jpg/list/placeholder.jpg" data-src="https://cdn.kosik.cz/content/product/jpg/list/52345.jpg" alt="Café Intención ecológico Caffe Crema BIO znková káva 1kg" class="loading-images loading-image">
                </a>




        </div>
                <div class="product-item-info">
                <h5><a href="javascript:void(0)" aria-label="Café Intención ecológico Caffe Crema BIO znková káva 1kg" data-href="/delikatesy?productWidget-widgetCarousel-7-id=34864&amp;do=productWidget-widgetCarousel-7-modal" class="product-name modal-link"
                   data-target="productWidget-widgetCarousel-7-productModal" onclick="kosikAjax.click(this, initModalCarousel(this))">
                    Café Intención ecológico Caffe Crema BIO znková káva 1kg
                    
                </a></h5>
            <p class="product-item-price ">
                <span class="price-before-discount">
				</span>
                <strong class="price">499,00 Kč</strong>

            </p>
            <p class="product-item-unit">
                    (<strong class="price">499,00 Kč</strong> / kg)
            </p>
                        <div class="product-list-rating">
            </div>
<div id="snippet-productWidget-widgetCarousel-7-buy-34864-quantity">        <div class="product-quantity-control">
            <form action="/delikatesy" method="post" class="ajax" id="frm-productWidget-widgetCarousel-7-buy-34864-quantityForm">
                <input type="text" name="quantity" size="3" id="frm-productWidget-widgetCarousel-7-buy-34864-quantityForm-quantity" data-nette-rules='[{"op":":integer","msg":"Množství musí být číslo."}]' value="1" aria-label="počet k přidání">
                <input type="submit" name="_submit" value="Přidat" class="product-quantity-control-submit plus" aria-label="přidat počet do košíku">
            <input type="hidden" name="do" value="productWidget-widgetCarousel-7-buy-34864-quantityForm-submit"><!--[if IE]><input type=IEbug disabled style="display:none"><![endif]-->
</form>

        </div>
</div>
                <p class="product-incart-info accessible">Produkt nemáte v košíku</p>


        </div>

        
    </div>
    <div id="product-append-31494" class="product-item">
        <div class="product-item-flags">
        </div>
        <div class="product-item-image">
                <a data-href="/delikatesy?productWidget-widgetCarousel-7-id=31494&amp;do=productWidget-widgetCarousel-7-modal"
                   data-target="productWidget-widgetCarousel-7-productModal"
                   data-product-id="31494"
                   data-product-price="174"
                   data-page-title="Cafédirect Colombia mletá káva 227g"
                   data-page-path="/produkt/31494-cafedirect-colombia-mleta-kava-227g"
                   data-user-id=""
                   aria-hidden="true"
                   data-kosikmodal-onclose="onProductModalDestroy"
                   onclick="kosikAjax.click(this, initModalCarousel(this))">
                    <img src="https://cdn.kosik.cz/content/product/jpg/list/placeholder.jpg" data-src="https://cdn.kosik.cz/content/product/jpg/list/48926.jpg" alt="Cafédirect Colombia mletá káva 227g" class="loading-images loading-image">
                </a>




        </div>
                <div class="product-item-info">
                <h5><a href="javascript:void(0)" aria-label="Cafédirect Colombia mletá káva 227g" data-href="/delikatesy?productWidget-widgetCarousel-7-id=31494&amp;do=productWidget-widgetCarousel-7-modal" class="product-name modal-link"
                   data-target="productWidget-widgetCarousel-7-productModal" onclick="kosikAjax.click(this, initModalCarousel(this))">
                    Cafédirect Colombia mletá káva 227g
                    
                </a></h5>
            <p class="product-item-price ">
                <span class="price-before-discount">
				</span>
                <strong class="price">174,00 Kč</strong>

            </p>
            <p class="product-item-unit">
                    (<strong class="price">628,20 Kč</strong> / kg)
            </p>
                        <div class="product-list-rating">
            </div>
<div id="snippet-productWidget-widgetCarousel-7-buy-31494-quantity">        <div class="product-quantity-control">
            <form action="/delikatesy" method="post" class="ajax" id="frm-productWidget-widgetCarousel-7-buy-31494-quantityForm">
                <input type="text" name="quantity" size="3" id="frm-productWidget-widgetCarousel-7-buy-31494-quantityForm-quantity" data-nette-rules='[{"op":":integer","msg":"Množství musí být číslo."}]' value="1" aria-label="počet k přidání">
                <input type="submit" name="_submit" value="Přidat" class="product-quantity-control-submit plus" aria-label="přidat počet do košíku">
            <input type="hidden" name="do" value="productWidget-widgetCarousel-7-buy-31494-quantityForm-submit"><!--[if IE]><input type=IEbug disabled style="display:none"><![endif]-->
</form>

        </div>
</div>
                <p class="product-incart-info accessible">Produkt nemáte v košíku</p>


        </div>

        
    </div>
    <div id="product-append-31515" class="product-item">
        <div class="product-item-flags">
        </div>
        <div class="product-item-image">
                <a data-href="/delikatesy?productWidget-widgetCarousel-7-id=31515&amp;do=productWidget-widgetCarousel-7-modal"
                   data-target="productWidget-widgetCarousel-7-productModal"
                   data-product-id="31515"
                   data-product-price="114.9"
                   data-page-title="Hampstead BIO Masala Chai sypaný čaj 100g"
                   data-page-path="/produkt/31515-hampstead-bio-masala-chai-sypany-caj-100g"
                   data-user-id=""
                   aria-hidden="true"
                   data-kosikmodal-onclose="onProductModalDestroy"
                   onclick="kosikAjax.click(this, initModalCarousel(this))">
                    <img src="https://cdn.kosik.cz/content/product/jpg/list/placeholder.jpg" data-src="https://cdn.kosik.cz/content/product/jpg/list/48947.jpg" alt="Hampstead BIO Masala Chai sypaný čaj 100g" class="loading-images loading-image">
                </a>




        </div>
                <div class="product-item-info">
                <h5><a href="javascript:void(0)" aria-label="Hampstead BIO Masala Chai sypaný čaj 100g" data-href="/delikatesy?productWidget-widgetCarousel-7-id=31515&amp;do=productWidget-widgetCarousel-7-modal" class="product-name modal-link"
                   data-target="productWidget-widgetCarousel-7-productModal" onclick="kosikAjax.click(this, initModalCarousel(this))">
                    Hampstead BIO Masala Chai sypaný čaj 100g
                    
                </a></h5>
            <p class="product-item-price ">
                <span class="price-before-discount">
				</span>
                <strong class="price">114,90 Kč</strong>

            </p>
            <p class="product-item-unit">
                    (<strong class="price">1 149,00 Kč</strong> / kg)
            </p>
                        <div class="product-list-rating">
            </div>
<div id="snippet-productWidget-widgetCarousel-7-buy-31515-quantity">        <div class="product-quantity-control">
            <form action="/delikatesy" method="post" class="ajax" id="frm-productWidget-widgetCarousel-7-buy-31515-quantityForm">
                <input type="text" name="quantity" size="3" id="frm-productWidget-widgetCarousel-7-buy-31515-quantityForm-quantity" data-nette-rules='[{"op":":integer","msg":"Množství musí být číslo."}]' value="1" aria-label="počet k přidání">
                <input type="submit" name="_submit" value="Přidat" class="product-quantity-control-submit plus" aria-label="přidat počet do košíku">
            <input type="hidden" name="do" value="productWidget-widgetCarousel-7-buy-31515-quantityForm-submit"><!--[if IE]><input type=IEbug disabled style="display:none"><![endif]-->
</form>

        </div>
</div>
                <p class="product-incart-info accessible">Produkt nemáte v košíku</p>


        </div>

        
    </div>
</div>

<div class="kosik-modal-overlay product-modal" id="productWidget-widgetCarousel-7-productModal" role="dialog">
    <div class="kosik-modal-inner large super-scaled" id="snippet-productWidget-widgetCarousel-7-productModalArea">
    </div>
</div>


<div class="kosik-modal-overlay" id="productWidget-widgetCarousel-7-productSetModal" role="dialog">
    <div class="kosik-modal-inner large super-scaled" id="snippet-productWidget-widgetCarousel-7-productSetModalArea">
    </div>
</div>
			</div>
		</div>
		<div class="region region-carousel region-products no-aside product-widget">
			<div class="home-product-widget region-inner region-products-inner slick-carousel" data-open="3" data-close="4">
				<div class="block block-title">
					<h3>Medy, džemy a krémy</h3>
				</div>
<script async>

    var onProductModalDestroy = function() {

    	var pageData = window.dataLayer[0];

        pageData["event"] = "ga.pageview";
        pageData["pagePath"] = window.location.pathname;
        pageData["pageTitle"] = window.document.title;

	    dataLayer.push(pageData);
    };
</script>
<div class="block block-product-items product-items" data-ajax-append="product-item" id="snippet-productWidget-widgetCarousel-8-productListArea">
    <div id="product-append-34661" class="product-item">
        <div class="product-item-flags">
        </div>
        <div class="product-item-image">
                <a data-href="/delikatesy?productWidget-widgetCarousel-8-id=34661&amp;do=productWidget-widgetCarousel-8-modal"
                   data-target="productWidget-widgetCarousel-8-productModal"
                   data-product-id="34661"
                   data-product-price="239.9"
                   data-page-title="Apimel RAW květový pohankový med 750g"
                   data-page-path="/produkt/34661-apimel-raw-kvetovy-pohankovy-med-750g"
                   data-user-id=""
                   aria-hidden="true"
                   data-kosikmodal-onclose="onProductModalDestroy"
                   onclick="kosikAjax.click(this, initModalCarousel(this))">
                    <img src="https://cdn.kosik.cz/content/product/jpg/list/placeholder.jpg" data-src="https://cdn.kosik.cz/content/product/jpg/list/52139.jpg" alt="Apimel RAW květový pohankový med 750g" class="loading-images loading-image">
                </a>




        </div>
                <div class="product-item-info">
                <h5><a href="javascript:void(0)" aria-label="Apimel RAW květový pohankový med 750g" data-href="/delikatesy?productWidget-widgetCarousel-8-id=34661&amp;do=productWidget-widgetCarousel-8-modal" class="product-name modal-link"
                   data-target="productWidget-widgetCarousel-8-productModal" onclick="kosikAjax.click(this, initModalCarousel(this))">
                    Apimel RAW květový pohankový med 750g
                    
                </a></h5>
            <p class="product-item-price ">
                <span class="price-before-discount">
				</span>
                <strong class="price">239,90 Kč</strong>

            </p>
            <p class="product-item-unit">
                    (<strong class="price">319,90 Kč</strong> / kg)
            </p>
                        <div class="product-list-rating">
            </div>
<div id="snippet-productWidget-widgetCarousel-8-buy-34661-quantity">        <div class="product-quantity-control">
            <form action="/delikatesy" method="post" class="ajax" id="frm-productWidget-widgetCarousel-8-buy-34661-quantityForm">
                <input type="text" name="quantity" size="3" id="frm-productWidget-widgetCarousel-8-buy-34661-quantityForm-quantity" data-nette-rules='[{"op":":integer","msg":"Množství musí být číslo."}]' value="1" aria-label="počet k přidání">
                <input type="submit" name="_submit" value="Přidat" class="product-quantity-control-submit plus" aria-label="přidat počet do košíku">
            <input type="hidden" name="do" value="productWidget-widgetCarousel-8-buy-34661-quantityForm-submit"><!--[if IE]><input type=IEbug disabled style="display:none"><![endif]-->
</form>

        </div>
</div>
                <p class="product-incart-info accessible">Produkt nemáte v košíku</p>


        </div>

        
    </div>
    <div id="product-append-34660" class="product-item">
        <div class="product-item-flags">
        </div>
        <div class="product-item-image">
                <a data-href="/delikatesy?productWidget-widgetCarousel-8-id=34660&amp;do=productWidget-widgetCarousel-8-modal"
                   data-target="productWidget-widgetCarousel-8-productModal"
                   data-product-id="34660"
                   data-product-price="219.9"
                   data-page-title="Apimel RAW květový mnohokvětý med 750g"
                   data-page-path="/produkt/34660-apimel-raw-kvetovy-mnohokvety-med-750g"
                   data-user-id=""
                   aria-hidden="true"
                   data-kosikmodal-onclose="onProductModalDestroy"
                   onclick="kosikAjax.click(this, initModalCarousel(this))">
                    <img src="https://cdn.kosik.cz/content/product/jpg/list/placeholder.jpg" data-src="https://cdn.kosik.cz/content/product/jpg/list/52138.jpg" alt="Apimel RAW květový mnohokvětý med 750g" class="loading-images loading-image">
                </a>




        </div>
                <div class="product-item-info">
                <h5><a href="javascript:void(0)" aria-label="Apimel RAW květový mnohokvětý med 750g" data-href="/delikatesy?productWidget-widgetCarousel-8-id=34660&amp;do=productWidget-widgetCarousel-8-modal" class="product-name modal-link"
                   data-target="productWidget-widgetCarousel-8-productModal" onclick="kosikAjax.click(this, initModalCarousel(this))">
                    Apimel RAW květový mnohokvětý med 750g
                    
                </a></h5>
            <p class="product-item-price ">
                <span class="price-before-discount">
				</span>
                <strong class="price">219,90 Kč</strong>

            </p>
            <p class="product-item-unit">
                    (<strong class="price">293,20 Kč</strong> / kg)
            </p>
                        <div class="product-list-rating">
            </div>
<div id="snippet-productWidget-widgetCarousel-8-buy-34660-quantity">        <div class="product-quantity-control">
            <form action="/delikatesy" method="post" class="ajax" id="frm-productWidget-widgetCarousel-8-buy-34660-quantityForm">
                <input type="text" name="quantity" size="3" id="frm-productWidget-widgetCarousel-8-buy-34660-quantityForm-quantity" data-nette-rules='[{"op":":integer","msg":"Množství musí být číslo."}]' value="1" aria-label="počet k přidání">
                <input type="submit" name="_submit" value="Přidat" class="product-quantity-control-submit plus" aria-label="přidat počet do košíku">
            <input type="hidden" name="do" value="productWidget-widgetCarousel-8-buy-34660-quantityForm-submit"><!--[if IE]><input type=IEbug disabled style="display:none"><![endif]-->
</form>

        </div>
</div>
                <p class="product-incart-info accessible">Produkt nemáte v košíku</p>


        </div>

        
    </div>
    <div id="product-append-34662" class="product-item">
        <div class="product-item-flags">
        </div>
        <div class="product-item-image">
                <a data-href="/delikatesy?productWidget-widgetCarousel-8-id=34662&amp;do=productWidget-widgetCarousel-8-modal"
                   data-target="productWidget-widgetCarousel-8-productModal"
                   data-product-id="34662"
                   data-product-price="149.9"
                   data-page-title="Apimel Smíšený lesní med 470g"
                   data-page-path="/produkt/34662-apimel-smiseny-lesni-med-470g"
                   data-user-id=""
                   aria-hidden="true"
                   data-kosikmodal-onclose="onProductModalDestroy"
                   onclick="kosikAjax.click(this, initModalCarousel(this))">
                    <img src="https://cdn.kosik.cz/content/product/jpg/list/placeholder.jpg" data-src="https://cdn.kosik.cz/content/product/jpg/list/52140.jpg" alt="Apimel Smíšený lesní med 470g" class="loading-images loading-image">
                </a>




        </div>
                <div class="product-item-info">
                <h5><a href="javascript:void(0)" aria-label="Apimel Smíšený lesní med 470g" data-href="/delikatesy?productWidget-widgetCarousel-8-id=34662&amp;do=productWidget-widgetCarousel-8-modal" class="product-name modal-link"
                   data-target="productWidget-widgetCarousel-8-productModal" onclick="kosikAjax.click(this, initModalCarousel(this))">
                    Apimel Smíšený lesní med 470g
                    
                </a></h5>
            <p class="product-item-price ">
                <span class="price-before-discount">
				</span>
                <strong class="price">149,90 Kč</strong>

            </p>
            <p class="product-item-unit">
                    (<strong class="price">318,90 Kč</strong> / kg)
            </p>
                        <div class="product-list-rating">
            </div>
<div id="snippet-productWidget-widgetCarousel-8-buy-34662-quantity">        <div class="product-quantity-control">
            <form action="/delikatesy" method="post" class="ajax" id="frm-productWidget-widgetCarousel-8-buy-34662-quantityForm">
                <input type="text" name="quantity" size="3" id="frm-productWidget-widgetCarousel-8-buy-34662-quantityForm-quantity" data-nette-rules='[{"op":":integer","msg":"Množství musí být číslo."}]' value="1" aria-label="počet k přidání">
                <input type="submit" name="_submit" value="Přidat" class="product-quantity-control-submit plus" aria-label="přidat počet do košíku">
            <input type="hidden" name="do" value="productWidget-widgetCarousel-8-buy-34662-quantityForm-submit"><!--[if IE]><input type=IEbug disabled style="display:none"><![endif]-->
</form>

        </div>
</div>
                <p class="product-incart-info accessible">Produkt nemáte v košíku</p>


        </div>

        
    </div>
    <div id="product-append-34658" class="product-item">
        <div class="product-item-flags">
        </div>
        <div class="product-item-image">
                <a data-href="/delikatesy?productWidget-widgetCarousel-8-id=34658&amp;do=productWidget-widgetCarousel-8-modal"
                   data-target="productWidget-widgetCarousel-8-productModal"
                   data-product-id="34658"
                   data-product-price="239.9"
                   data-page-title="Apimel Květový med 950g"
                   data-page-path="/produkt/34658-apimel-kvetovy-med-950g"
                   data-user-id=""
                   aria-hidden="true"
                   data-kosikmodal-onclose="onProductModalDestroy"
                   onclick="kosikAjax.click(this, initModalCarousel(this))">
                    <img src="https://cdn.kosik.cz/content/product/jpg/list/placeholder.jpg" data-src="https://cdn.kosik.cz/content/product/jpg/list/52136.jpg" alt="Apimel Květový med 950g" class="loading-images loading-image">
                </a>




        </div>
                <div class="product-item-info">
                <h5><a href="javascript:void(0)" aria-label="Apimel Květový med 950g" data-href="/delikatesy?productWidget-widgetCarousel-8-id=34658&amp;do=productWidget-widgetCarousel-8-modal" class="product-name modal-link"
                   data-target="productWidget-widgetCarousel-8-productModal" onclick="kosikAjax.click(this, initModalCarousel(this))">
                    Apimel Květový med 950g
                    
                </a></h5>
            <p class="product-item-price ">
                <span class="price-before-discount">
				</span>
                <strong class="price">239,90 Kč</strong>

            </p>
            <p class="product-item-unit">
                    (<strong class="price">252,50 Kč</strong> / kg)
            </p>
                        <div class="product-list-rating">
            </div>
<div id="snippet-productWidget-widgetCarousel-8-buy-34658-quantity">        <div class="product-quantity-control">
            <form action="/delikatesy" method="post" class="ajax" id="frm-productWidget-widgetCarousel-8-buy-34658-quantityForm">
                <input type="text" name="quantity" size="3" id="frm-productWidget-widgetCarousel-8-buy-34658-quantityForm-quantity" data-nette-rules='[{"op":":integer","msg":"Množství musí být číslo."}]' value="1" aria-label="počet k přidání">
                <input type="submit" name="_submit" value="Přidat" class="product-quantity-control-submit plus" aria-label="přidat počet do košíku">
            <input type="hidden" name="do" value="productWidget-widgetCarousel-8-buy-34658-quantityForm-submit"><!--[if IE]><input type=IEbug disabled style="display:none"><![endif]-->
</form>

        </div>
</div>
                <p class="product-incart-info accessible">Produkt nemáte v košíku</p>


        </div>

        
    </div>
    <div id="product-append-34657" class="product-item">
        <div class="product-item-flags">
        </div>
        <div class="product-item-image">
                <a data-href="/delikatesy?productWidget-widgetCarousel-8-id=34657&amp;do=productWidget-widgetCarousel-8-modal"
                   data-target="productWidget-widgetCarousel-8-productModal"
                   data-product-id="34657"
                   data-product-price="129.9"
                   data-page-title="Apimel Květový med 470g"
                   data-page-path="/produkt/34657-apimel-kvetovy-med-470g"
                   data-user-id=""
                   aria-hidden="true"
                   data-kosikmodal-onclose="onProductModalDestroy"
                   onclick="kosikAjax.click(this, initModalCarousel(this))">
                    <img src="https://cdn.kosik.cz/content/product/jpg/list/placeholder.jpg" data-src="https://cdn.kosik.cz/content/product/jpg/list/52135.jpg" alt="Apimel Květový med 470g" class="loading-images loading-image">
                </a>




        </div>
                <div class="product-item-info">
                <h5><a href="javascript:void(0)" aria-label="Apimel Květový med 470g" data-href="/delikatesy?productWidget-widgetCarousel-8-id=34657&amp;do=productWidget-widgetCarousel-8-modal" class="product-name modal-link"
                   data-target="productWidget-widgetCarousel-8-productModal" onclick="kosikAjax.click(this, initModalCarousel(this))">
                    Apimel Květový med 470g
                    
                </a></h5>
            <p class="product-item-price ">
                <span class="price-before-discount">
				</span>
                <strong class="price">129,90 Kč</strong>

            </p>
            <p class="product-item-unit">
                    (<strong class="price">276,40 Kč</strong> / kg)
            </p>
                        <div class="product-list-rating">
            </div>
<div id="snippet-productWidget-widgetCarousel-8-buy-34657-quantity">        <div class="product-quantity-control">
            <form action="/delikatesy" method="post" class="ajax" id="frm-productWidget-widgetCarousel-8-buy-34657-quantityForm">
                <input type="text" name="quantity" size="3" id="frm-productWidget-widgetCarousel-8-buy-34657-quantityForm-quantity" data-nette-rules='[{"op":":integer","msg":"Množství musí být číslo."}]' value="1" aria-label="počet k přidání">
                <input type="submit" name="_submit" value="Přidat" class="product-quantity-control-submit plus" aria-label="přidat počet do košíku">
            <input type="hidden" name="do" value="productWidget-widgetCarousel-8-buy-34657-quantityForm-submit"><!--[if IE]><input type=IEbug disabled style="display:none"><![endif]-->
</form>

        </div>
</div>
                <p class="product-incart-info accessible">Produkt nemáte v košíku</p>


        </div>

        
    </div>
    <div id="product-append-36294" class="product-item">
        <div class="product-item-flags">
        </div>
        <div class="product-item-image">
                <a data-href="/delikatesy?productWidget-widgetCarousel-8-id=36294&amp;do=productWidget-widgetCarousel-8-modal"
                   data-target="productWidget-widgetCarousel-8-productModal"
                   data-product-id="36294"
                   data-product-price="149.9"
                   data-page-title="Alibona Med květový pastovaný 420g"
                   data-page-path="/produkt/36294-alibona-med-kvetovy-pastovany-420g"
                   data-user-id=""
                   aria-hidden="true"
                   data-kosikmodal-onclose="onProductModalDestroy"
                   onclick="kosikAjax.click(this, initModalCarousel(this))">
                    <img src="https://cdn.kosik.cz/content/product/jpg/list/placeholder.jpg" data-src="https://cdn.kosik.cz/content/product/jpg/list/53866.jpg" alt="Alibona Med květový pastovaný 420g" class="loading-images loading-image">
                </a>




        </div>
                <div class="product-item-info">
                <h5><a href="javascript:void(0)" aria-label="Alibona Med květový pastovaný 420g" data-href="/delikatesy?productWidget-widgetCarousel-8-id=36294&amp;do=productWidget-widgetCarousel-8-modal" class="product-name modal-link"
                   data-target="productWidget-widgetCarousel-8-productModal" onclick="kosikAjax.click(this, initModalCarousel(this))">
                    Alibona Med květový pastovaný 420g
                    
                </a></h5>
            <p class="product-item-price ">
                <span class="price-before-discount">
				</span>
                <strong class="price">149,90 Kč</strong>

            </p>
            <p class="product-item-unit">
                    (<strong class="price">356,90 Kč</strong> / kg)
            </p>
                        <div class="product-list-rating">
            </div>
<div id="snippet-productWidget-widgetCarousel-8-buy-36294-quantity">        <div class="product-quantity-control">
            <form action="/delikatesy" method="post" class="ajax" id="frm-productWidget-widgetCarousel-8-buy-36294-quantityForm">
                <input type="text" name="quantity" size="3" id="frm-productWidget-widgetCarousel-8-buy-36294-quantityForm-quantity" data-nette-rules='[{"op":":integer","msg":"Množství musí být číslo."}]' value="1" aria-label="počet k přidání">
                <input type="submit" name="_submit" value="Přidat" class="product-quantity-control-submit plus" aria-label="přidat počet do košíku">
            <input type="hidden" name="do" value="productWidget-widgetCarousel-8-buy-36294-quantityForm-submit"><!--[if IE]><input type=IEbug disabled style="display:none"><![endif]-->
</form>

        </div>
</div>
                <p class="product-incart-info accessible">Produkt nemáte v košíku</p>


        </div>

        
    </div>
    <div id="product-append-36293" class="product-item">
        <div class="product-item-flags">
        </div>
        <div class="product-item-image">
                <a data-href="/delikatesy?productWidget-widgetCarousel-8-id=36293&amp;do=productWidget-widgetCarousel-8-modal"
                   data-target="productWidget-widgetCarousel-8-productModal"
                   data-product-id="36293"
                   data-product-price="149.9"
                   data-page-title="Alibona Med květový 420g"
                   data-page-path="/produkt/36293-alibona-med-kvetovy-420g"
                   data-user-id=""
                   aria-hidden="true"
                   data-kosikmodal-onclose="onProductModalDestroy"
                   onclick="kosikAjax.click(this, initModalCarousel(this))">
                    <img src="https://cdn.kosik.cz/content/product/jpg/list/placeholder.jpg" data-src="https://cdn.kosik.cz/content/product/jpg/list/53865.jpg" alt="Alibona Med květový 420g" class="loading-images loading-image">
                </a>




        </div>
                <div class="product-item-info">
                <h5><a href="javascript:void(0)" aria-label="Alibona Med květový 420g" data-href="/delikatesy?productWidget-widgetCarousel-8-id=36293&amp;do=productWidget-widgetCarousel-8-modal" class="product-name modal-link"
                   data-target="productWidget-widgetCarousel-8-productModal" onclick="kosikAjax.click(this, initModalCarousel(this))">
                    Alibona Med květový 420g
                    
                </a></h5>
            <p class="product-item-price ">
                <span class="price-before-discount">
				</span>
                <strong class="price">149,90 Kč</strong>

            </p>
            <p class="product-item-unit">
                    (<strong class="price">356,90 Kč</strong> / kg)
            </p>
                        <div class="product-list-rating">
            </div>
<div id="snippet-productWidget-widgetCarousel-8-buy-36293-quantity">        <div class="product-quantity-control">
            <form action="/delikatesy" method="post" class="ajax" id="frm-productWidget-widgetCarousel-8-buy-36293-quantityForm">
                <input type="text" name="quantity" size="3" id="frm-productWidget-widgetCarousel-8-buy-36293-quantityForm-quantity" data-nette-rules='[{"op":":integer","msg":"Množství musí být číslo."}]' value="1" aria-label="počet k přidání">
                <input type="submit" name="_submit" value="Přidat" class="product-quantity-control-submit plus" aria-label="přidat počet do košíku">
            <input type="hidden" name="do" value="productWidget-widgetCarousel-8-buy-36293-quantityForm-submit"><!--[if IE]><input type=IEbug disabled style="display:none"><![endif]-->
</form>

        </div>
</div>
                <p class="product-incart-info accessible">Produkt nemáte v košíku</p>


        </div>

        
    </div>
    <div id="product-append-19573" class="product-item">
        <div class="product-item-flags">
        </div>
        <div class="product-item-image">
                <a data-href="/delikatesy?productWidget-widgetCarousel-8-id=19573&amp;do=productWidget-widgetCarousel-8-modal"
                   data-target="productWidget-widgetCarousel-8-productModal"
                   data-product-id="19573"
                   data-product-price="87.9"
                   data-page-title="St. Dalfour Brusinka a borůvka ovocná pomazánka s vysokým obsahem ovoce 284g"
                   data-page-path="/produkt/19573-st-dalfour-brusinka-a-boruvka-ovocna-pomazanka-s-vysokym-obsahem-ovoce-284g"
                   data-user-id=""
                   aria-hidden="true"
                   data-kosikmodal-onclose="onProductModalDestroy"
                   onclick="kosikAjax.click(this, initModalCarousel(this))">
                    <img src="https://cdn.kosik.cz/content/product/jpg/list/placeholder.jpg" data-src="https://cdn.kosik.cz/content/product/jpg/list/36825.jpg" alt="St. Dalfour Brusinka a borůvka ovocná pomazánka s vysokým obsahem ovoce 284g" class="loading-images loading-image">
                </a>




        </div>
                <div class="product-item-info">
                <h5><a href="javascript:void(0)" aria-label="St. Dalfour Brusinka a borůvka ovocná pomazánka s vysokým obsahem ovoce 284g" data-href="/delikatesy?productWidget-widgetCarousel-8-id=19573&amp;do=productWidget-widgetCarousel-8-modal" class="product-name modal-link"
                   data-target="productWidget-widgetCarousel-8-productModal" onclick="kosikAjax.click(this, initModalCarousel(this))">
                    St. Dalfour Brusinka a borůvka ovocná pomazánka s vysokým obsahem ovoce 284g
                    
                </a></h5>
            <p class="product-item-price ">
                <span class="price-before-discount">
				</span>
                <strong class="price">87,90 Kč</strong>

            </p>
            <p class="product-item-unit">
                    (<strong class="price">309,50 Kč</strong> / kg)
            </p>
                        <div class="product-list-rating">
            </div>
<div id="snippet-productWidget-widgetCarousel-8-buy-19573-quantity">        <div class="product-quantity-control">
            <form action="/delikatesy" method="post" class="ajax" id="frm-productWidget-widgetCarousel-8-buy-19573-quantityForm">
                <input type="text" name="quantity" size="3" id="frm-productWidget-widgetCarousel-8-buy-19573-quantityForm-quantity" data-nette-rules='[{"op":":integer","msg":"Množství musí být číslo."}]' value="1" aria-label="počet k přidání">
                <input type="submit" name="_submit" value="Přidat" class="product-quantity-control-submit plus" aria-label="přidat počet do košíku">
            <input type="hidden" name="do" value="productWidget-widgetCarousel-8-buy-19573-quantityForm-submit"><!--[if IE]><input type=IEbug disabled style="display:none"><![endif]-->
</form>

        </div>
</div>
                <p class="product-incart-info accessible">Produkt nemáte v košíku</p>


        </div>

        
    </div>
    <div id="product-append-19599" class="product-item">
        <div class="product-item-flags">
        </div>
        <div class="product-item-image">
                <a data-href="/delikatesy?productWidget-widgetCarousel-8-id=19599&amp;do=productWidget-widgetCarousel-8-modal"
                   data-target="productWidget-widgetCarousel-8-productModal"
                   data-product-id="19599"
                   data-product-price="87.9"
                   data-page-title="St. Dalfour Fík ovocná pomazánka s vysokým obsahem ovoce 284g"
                   data-page-path="/produkt/19599-st-dalfour-fik-ovocna-pomazanka-s-vysokym-obsahem-ovoce-284g"
                   data-user-id=""
                   aria-hidden="true"
                   data-kosikmodal-onclose="onProductModalDestroy"
                   onclick="kosikAjax.click(this, initModalCarousel(this))">
                    <img src="https://cdn.kosik.cz/content/product/jpg/list/placeholder.jpg" data-src="https://cdn.kosik.cz/content/product/jpg/list/36851.jpg" alt="St. Dalfour Fík ovocná pomazánka s vysokým obsahem ovoce 284g" class="loading-images loading-image">
                </a>




        </div>
                <div class="product-item-info">
                <h5><a href="javascript:void(0)" aria-label="St. Dalfour Fík ovocná pomazánka s vysokým obsahem ovoce 284g" data-href="/delikatesy?productWidget-widgetCarousel-8-id=19599&amp;do=productWidget-widgetCarousel-8-modal" class="product-name modal-link"
                   data-target="productWidget-widgetCarousel-8-productModal" onclick="kosikAjax.click(this, initModalCarousel(this))">
                    St. Dalfour Fík ovocná pomazánka s vysokým obsahem ovoce 284g
                    
                </a></h5>
            <p class="product-item-price ">
                <span class="price-before-discount">
				</span>
                <strong class="price">87,90 Kč</strong>

            </p>
            <p class="product-item-unit">
                    (<strong class="price">309,50 Kč</strong> / kg)
            </p>
                        <div class="product-list-rating">
            </div>
<div id="snippet-productWidget-widgetCarousel-8-buy-19599-quantity">        <div class="product-quantity-control">
            <form action="/delikatesy" method="post" class="ajax" id="frm-productWidget-widgetCarousel-8-buy-19599-quantityForm">
                <input type="text" name="quantity" size="3" id="frm-productWidget-widgetCarousel-8-buy-19599-quantityForm-quantity" data-nette-rules='[{"op":":integer","msg":"Množství musí být číslo."}]' value="1" aria-label="počet k přidání">
                <input type="submit" name="_submit" value="Přidat" class="product-quantity-control-submit plus" aria-label="přidat počet do košíku">
            <input type="hidden" name="do" value="productWidget-widgetCarousel-8-buy-19599-quantityForm-submit"><!--[if IE]><input type=IEbug disabled style="display:none"><![endif]-->
</form>

        </div>
</div>
                <p class="product-incart-info accessible">Produkt nemáte v košíku</p>


        </div>

        
    </div>
    <div id="product-append-26369" class="product-item">
        <div class="product-item-flags">
        </div>
        <div class="product-item-image">
                <a data-href="/delikatesy?productWidget-widgetCarousel-8-id=26369&amp;do=productWidget-widgetCarousel-8-modal"
                   data-target="productWidget-widgetCarousel-8-productModal"
                   data-product-id="26369"
                   data-product-price="89.9"
                   data-page-title="Bonne Maman Pomazánka kaštanová 370g"
                   data-page-path="/produkt/26369-bonne-maman-pomazanka-kastanova-370g"
                   data-user-id=""
                   aria-hidden="true"
                   data-kosikmodal-onclose="onProductModalDestroy"
                   onclick="kosikAjax.click(this, initModalCarousel(this))">
                    <img src="https://cdn.kosik.cz/content/product/jpg/list/placeholder.jpg" data-src="https://cdn.kosik.cz/content/product/jpg/list/43642.jpg" alt="Bonne Maman Pomazánka kaštanová 370g" class="loading-images loading-image">
                </a>




        </div>
                <div class="product-item-info">
                <h5><a href="javascript:void(0)" aria-label="Bonne Maman Pomazánka kaštanová 370g" data-href="/delikatesy?productWidget-widgetCarousel-8-id=26369&amp;do=productWidget-widgetCarousel-8-modal" class="product-name modal-link"
                   data-target="productWidget-widgetCarousel-8-productModal" onclick="kosikAjax.click(this, initModalCarousel(this))">
                    Bonne Maman Pomazánka kaštanová 370g
                    
                </a></h5>
            <p class="product-item-price ">
                <span class="price-before-discount">
				</span>
                <strong class="price">89,90 Kč</strong>

            </p>
            <p class="product-item-unit">
                    (<strong class="price">243,00 Kč</strong> / kg)
            </p>
                        <div class="product-list-rating">
            </div>
<div id="snippet-productWidget-widgetCarousel-8-buy-26369-quantity">        <div class="product-quantity-control">
            <form action="/delikatesy" method="post" class="ajax" id="frm-productWidget-widgetCarousel-8-buy-26369-quantityForm">
                <input type="text" name="quantity" size="3" id="frm-productWidget-widgetCarousel-8-buy-26369-quantityForm-quantity" data-nette-rules='[{"op":":integer","msg":"Množství musí být číslo."}]' value="1" aria-label="počet k přidání">
                <input type="submit" name="_submit" value="Přidat" class="product-quantity-control-submit plus" aria-label="přidat počet do košíku">
            <input type="hidden" name="do" value="productWidget-widgetCarousel-8-buy-26369-quantityForm-submit"><!--[if IE]><input type=IEbug disabled style="display:none"><![endif]-->
</form>

        </div>
</div>
                <p class="product-incart-info accessible">Produkt nemáte v košíku</p>


        </div>

        
    </div>
    <div id="product-append-26363" class="product-item">
        <div class="product-item-flags">
        </div>
        <div class="product-item-image">
                <a data-href="/delikatesy?productWidget-widgetCarousel-8-id=26363&amp;do=productWidget-widgetCarousel-8-modal"
                   data-target="productWidget-widgetCarousel-8-productModal"
                   data-product-id="26363"
                   data-product-price="89.9"
                   data-page-title="Bonne Maman Extra džem divoké borůvky 370g"
                   data-page-path="/produkt/26363-bonne-maman-extra-dzem-divoke-boruvky-370g"
                   data-user-id=""
                   aria-hidden="true"
                   data-kosikmodal-onclose="onProductModalDestroy"
                   onclick="kosikAjax.click(this, initModalCarousel(this))">
                    <img src="https://cdn.kosik.cz/content/product/jpg/list/placeholder.jpg" data-src="https://cdn.kosik.cz/content/product/jpg/list/43636.jpg" alt="Bonne Maman Extra džem divoké borůvky 370g" class="loading-images loading-image">
                </a>




        </div>
                <div class="product-item-info">
                <h5><a href="javascript:void(0)" aria-label="Bonne Maman Extra džem divoké borůvky 370g" data-href="/delikatesy?productWidget-widgetCarousel-8-id=26363&amp;do=productWidget-widgetCarousel-8-modal" class="product-name modal-link"
                   data-target="productWidget-widgetCarousel-8-productModal" onclick="kosikAjax.click(this, initModalCarousel(this))">
                    Bonne Maman Extra džem divoké borůvky 370g
                    
                </a></h5>
            <p class="product-item-price ">
                <span class="price-before-discount">
				</span>
                <strong class="price">89,90 Kč</strong>

            </p>
            <p class="product-item-unit">
                    (<strong class="price">243,00 Kč</strong> / kg)
            </p>
                        <div class="product-list-rating">
            </div>
<div id="snippet-productWidget-widgetCarousel-8-buy-26363-quantity">        <div class="product-quantity-control">
            <form action="/delikatesy" method="post" class="ajax" id="frm-productWidget-widgetCarousel-8-buy-26363-quantityForm">
                <input type="text" name="quantity" size="3" id="frm-productWidget-widgetCarousel-8-buy-26363-quantityForm-quantity" data-nette-rules='[{"op":":integer","msg":"Množství musí být číslo."}]' value="1" aria-label="počet k přidání">
                <input type="submit" name="_submit" value="Přidat" class="product-quantity-control-submit plus" aria-label="přidat počet do košíku">
            <input type="hidden" name="do" value="productWidget-widgetCarousel-8-buy-26363-quantityForm-submit"><!--[if IE]><input type=IEbug disabled style="display:none"><![endif]-->
</form>

        </div>
</div>
                <p class="product-incart-info accessible">Produkt nemáte v košíku</p>


        </div>

        
    </div>
    <div id="product-append-26366" class="product-item">
        <div class="product-item-flags">
        </div>
        <div class="product-item-image">
                <a data-href="/delikatesy?productWidget-widgetCarousel-8-id=26366&amp;do=productWidget-widgetCarousel-8-modal"
                   data-target="productWidget-widgetCarousel-8-productModal"
                   data-product-id="26366"
                   data-product-price="79.9"
                   data-page-title="Bonne Maman Extra džem s fíky 370g"
                   data-page-path="/produkt/26366-bonne-maman-extra-dzem-s-fiky-370g"
                   data-user-id=""
                   aria-hidden="true"
                   data-kosikmodal-onclose="onProductModalDestroy"
                   onclick="kosikAjax.click(this, initModalCarousel(this))">
                    <img src="https://cdn.kosik.cz/content/product/jpg/list/placeholder.jpg" data-src="https://cdn.kosik.cz/content/product/jpg/list/43639.jpg" alt="Bonne Maman Extra džem s fíky 370g" class="loading-images loading-image">
                </a>




        </div>
                <div class="product-item-info">
                <h5><a href="javascript:void(0)" aria-label="Bonne Maman Extra džem s fíky 370g" data-href="/delikatesy?productWidget-widgetCarousel-8-id=26366&amp;do=productWidget-widgetCarousel-8-modal" class="product-name modal-link"
                   data-target="productWidget-widgetCarousel-8-productModal" onclick="kosikAjax.click(this, initModalCarousel(this))">
                    Bonne Maman Extra džem s fíky 370g
                    
                </a></h5>
            <p class="product-item-price ">
                <span class="price-before-discount">
				</span>
                <strong class="price">79,90 Kč</strong>

            </p>
            <p class="product-item-unit">
                    (<strong class="price">215,90 Kč</strong> / kg)
            </p>
                        <div class="product-list-rating">
            </div>
<div id="snippet-productWidget-widgetCarousel-8-buy-26366-quantity">        <div class="product-quantity-control">
            <form action="/delikatesy" method="post" class="ajax" id="frm-productWidget-widgetCarousel-8-buy-26366-quantityForm">
                <input type="text" name="quantity" size="3" id="frm-productWidget-widgetCarousel-8-buy-26366-quantityForm-quantity" data-nette-rules='[{"op":":integer","msg":"Množství musí být číslo."}]' value="1" aria-label="počet k přidání">
                <input type="submit" name="_submit" value="Přidat" class="product-quantity-control-submit plus" aria-label="přidat počet do košíku">
            <input type="hidden" name="do" value="productWidget-widgetCarousel-8-buy-26366-quantityForm-submit"><!--[if IE]><input type=IEbug disabled style="display:none"><![endif]-->
</form>

        </div>
</div>
                <p class="product-incart-info accessible">Produkt nemáte v košíku</p>


        </div>

        
    </div>
    <div id="product-append-26370" class="product-item">
        <div class="product-item-flags">
        </div>
        <div class="product-item-image">
                <a data-href="/delikatesy?productWidget-widgetCarousel-8-id=26370&amp;do=productWidget-widgetCarousel-8-modal"
                   data-target="productWidget-widgetCarousel-8-productModal"
                   data-product-id="26370"
                   data-product-price="89.9"
                   data-page-title="Bonne Maman Mléčná pomazánka 380g"
                   data-page-path="/produkt/26370-bonne-maman-mlecna-pomazanka-380g"
                   data-user-id=""
                   aria-hidden="true"
                   data-kosikmodal-onclose="onProductModalDestroy"
                   onclick="kosikAjax.click(this, initModalCarousel(this))">
                    <img src="https://cdn.kosik.cz/content/product/jpg/list/placeholder.jpg" data-src="https://cdn.kosik.cz/content/product/jpg/list/43643.jpg" alt="Bonne Maman Mléčná pomazánka 380g" class="loading-images loading-image">
                </a>




        </div>
                <div class="product-item-info">
                <h5><a href="javascript:void(0)" aria-label="Bonne Maman Mléčná pomazánka 380g" data-href="/delikatesy?productWidget-widgetCarousel-8-id=26370&amp;do=productWidget-widgetCarousel-8-modal" class="product-name modal-link"
                   data-target="productWidget-widgetCarousel-8-productModal" onclick="kosikAjax.click(this, initModalCarousel(this))">
                    Bonne Maman Mléčná pomazánka 380g
                    
                </a></h5>
            <p class="product-item-price ">
                <span class="price-before-discount">
				</span>
                <strong class="price">89,90 Kč</strong>

            </p>
            <p class="product-item-unit">
                    (<strong class="price">236,60 Kč</strong> / kg)
            </p>
                        <div class="product-list-rating">
            </div>
<div id="snippet-productWidget-widgetCarousel-8-buy-26370-quantity">        <div class="product-quantity-control">
            <form action="/delikatesy" method="post" class="ajax" id="frm-productWidget-widgetCarousel-8-buy-26370-quantityForm">
                <input type="text" name="quantity" size="3" id="frm-productWidget-widgetCarousel-8-buy-26370-quantityForm-quantity" data-nette-rules='[{"op":":integer","msg":"Množství musí být číslo."}]' value="1" aria-label="počet k přidání">
                <input type="submit" name="_submit" value="Přidat" class="product-quantity-control-submit plus" aria-label="přidat počet do košíku">
            <input type="hidden" name="do" value="productWidget-widgetCarousel-8-buy-26370-quantityForm-submit"><!--[if IE]><input type=IEbug disabled style="display:none"><![endif]-->
</form>

        </div>
</div>
                <p class="product-incart-info accessible">Produkt nemáte v košíku</p>


        </div>

        
    </div>
    <div id="product-append-40325" class="product-item">
        <div class="product-item-flags">
        </div>
        <div class="product-item-image">
                <a data-href="/delikatesy?productWidget-widgetCarousel-8-id=40325&amp;do=productWidget-widgetCarousel-8-modal"
                   data-target="productWidget-widgetCarousel-8-productModal"
                   data-product-id="40325"
                   data-product-price="139.9"
                   data-page-title="Hana Šindlerová Džem angrešt 280g"
                   data-page-path="/produkt/40325-hana-sindlerova-dzem-angrest-280g"
                   data-user-id=""
                   aria-hidden="true"
                   data-kosikmodal-onclose="onProductModalDestroy"
                   onclick="kosikAjax.click(this, initModalCarousel(this))">
                    <img src="https://cdn.kosik.cz/content/product/jpg/list/placeholder.jpg" data-src="https://cdn.kosik.cz/content/product/jpg/list/58042.jpg" alt="Hana Šindlerová Džem angrešt 280g" class="loading-images loading-image">
                </a>




        </div>
                <div class="product-item-info">
                <h5><a href="javascript:void(0)" aria-label="Hana Šindlerová Džem angrešt 280g" data-href="/delikatesy?productWidget-widgetCarousel-8-id=40325&amp;do=productWidget-widgetCarousel-8-modal" class="product-name modal-link"
                   data-target="productWidget-widgetCarousel-8-productModal" onclick="kosikAjax.click(this, initModalCarousel(this))">
                    Hana Šindlerová Džem angrešt 280g
                    
                </a></h5>
            <p class="product-item-price ">
                <span class="price-before-discount">
				</span>
                <strong class="price">139,90 Kč</strong>

            </p>
            <p class="product-item-unit">
                    (<strong class="price">499,60 Kč</strong> / kg)
            </p>
                        <div class="product-list-rating">
            </div>
<div id="snippet-productWidget-widgetCarousel-8-buy-40325-quantity">        <div class="product-quantity-control">
            <form action="/delikatesy" method="post" class="ajax" id="frm-productWidget-widgetCarousel-8-buy-40325-quantityForm">
                <input type="text" name="quantity" size="3" id="frm-productWidget-widgetCarousel-8-buy-40325-quantityForm-quantity" data-nette-rules='[{"op":":integer","msg":"Množství musí být číslo."}]' value="1" aria-label="počet k přidání">
                <input type="submit" name="_submit" value="Přidat" class="product-quantity-control-submit plus" aria-label="přidat počet do košíku">
            <input type="hidden" name="do" value="productWidget-widgetCarousel-8-buy-40325-quantityForm-submit"><!--[if IE]><input type=IEbug disabled style="display:none"><![endif]-->
</form>

        </div>
</div>
                <p class="product-incart-info accessible">Produkt nemáte v košíku</p>


        </div>

        
    </div>
</div>

<div class="kosik-modal-overlay product-modal" id="productWidget-widgetCarousel-8-productModal" role="dialog">
    <div class="kosik-modal-inner large super-scaled" id="snippet-productWidget-widgetCarousel-8-productModalArea">
    </div>
</div>


<div class="kosik-modal-overlay" id="productWidget-widgetCarousel-8-productSetModal" role="dialog">
    <div class="kosik-modal-inner large super-scaled" id="snippet-productWidget-widgetCarousel-8-productSetModalArea">
    </div>
</div>
			</div>
		</div>
		<div class="region region-carousel region-products no-aside product-widget">
			<div class="home-product-widget region-inner region-products-inner slick-carousel" data-open="3" data-close="4">
				<div class="block block-title">
					<h3>Čokoláda a sladkosti</h3>
				</div>
<script async>

    var onProductModalDestroy = function() {

    	var pageData = window.dataLayer[0];

        pageData["event"] = "ga.pageview";
        pageData["pagePath"] = window.location.pathname;
        pageData["pageTitle"] = window.document.title;

	    dataLayer.push(pageData);
    };
</script>
<div class="block block-product-items product-items" data-ajax-append="product-item" id="snippet-productWidget-widgetCarousel-9-productListArea">
    <div id="product-append-16995" class="product-item">
        <div class="product-item-flags">
            <div class="flag-sale ">
                <span class="percents">29<small>&#37;</small></span>
            </div>
        </div>
        <div class="product-item-image">
                <a data-href="/delikatesy?productWidget-widgetCarousel-9-id=16995&amp;do=productWidget-widgetCarousel-9-modal"
                   data-target="productWidget-widgetCarousel-9-productModal"
                   data-product-id="16995"
                   data-product-price="169.9"
                   data-page-title="Lindt Lindor Směs mléčné, bílé a hořké čokolády s jemnou krémovou náplní 200g"
                   data-page-path="/produkt/16995-lindt-lindor-smes-mlecne-bile-a-horke-cokolady-s-jemnou-kremovou-naplni-200g"
                   data-user-id=""
                   aria-hidden="true"
                   data-kosikmodal-onclose="onProductModalDestroy"
                   onclick="kosikAjax.click(this, initModalCarousel(this))">
                    <img src="https://cdn.kosik.cz/content/product/jpg/list/placeholder.jpg" data-src="https://cdn.kosik.cz/content/product/jpg/list/34263.jpg" alt="Lindt Lindor Směs mléčné, bílé a hořké čokolády s jemnou krémovou náplní 200g" class="loading-images loading-image">
                </a>




        </div>
                <div class="product-item-info">
                <h5><a href="javascript:void(0)" aria-label="Lindt Lindor Směs mléčné, bílé a hořké čokolády s jemnou krémovou náplní 200g" data-href="/delikatesy?productWidget-widgetCarousel-9-id=16995&amp;do=productWidget-widgetCarousel-9-modal" class="product-name modal-link"
                   data-target="productWidget-widgetCarousel-9-productModal" onclick="kosikAjax.click(this, initModalCarousel(this))">
                    Lindt Lindor Směs mléčné, bílé a hořké čokolády s jemnou krémovou náplní 200g
                    
                </a></h5>
            <p class="product-item-price product-in-discount">
                <span class="price-before-discount">
					<span><strong class="price">169,90 Kč</strong></span>
				</span>
                <strong class="price">119,90 Kč</strong>

            </p>
            <p class="product-item-unit">
                    (<strong class="price">599,50 Kč</strong> / kg)
            </p>
                        <div class="product-list-rating">
            </div>
<div id="snippet-productWidget-widgetCarousel-9-buy-16995-quantity">        <div class="product-quantity-control">
            <form action="/delikatesy" method="post" class="ajax" id="frm-productWidget-widgetCarousel-9-buy-16995-quantityForm">
                <input type="text" name="quantity" size="3" id="frm-productWidget-widgetCarousel-9-buy-16995-quantityForm-quantity" data-nette-rules='[{"op":":integer","msg":"Množství musí být číslo."}]' value="1" aria-label="počet k přidání">
                <input type="submit" name="_submit" value="Přidat" class="product-quantity-control-submit plus" aria-label="přidat počet do košíku">
            <input type="hidden" name="do" value="productWidget-widgetCarousel-9-buy-16995-quantityForm-submit"><!--[if IE]><input type=IEbug disabled style="display:none"><![endif]-->
</form>

        </div>
</div>
                <p class="product-incart-info accessible">Produkt nemáte v košíku</p>


        </div>

        
    </div>
    <div id="product-append-49036" class="product-item">
        <div class="product-item-flags">
        </div>
        <div class="product-item-image">
                <a data-href="/delikatesy?productWidget-widgetCarousel-9-id=49036&amp;do=productWidget-widgetCarousel-9-modal"
                   data-target="productWidget-widgetCarousel-9-productModal"
                   data-product-id="49036"
                   data-product-price="103.9"
                   data-page-title="Belgian Čokoládová bonboniera Srdíčka 200g"
                   data-page-path="/produkt/49036-belgian-cokoladova-bonboniera-srdicka-200g"
                   data-user-id=""
                   aria-hidden="true"
                   data-kosikmodal-onclose="onProductModalDestroy"
                   onclick="kosikAjax.click(this, initModalCarousel(this))">
                    <img src="https://cdn.kosik.cz/content/product/jpg/list/placeholder.jpg" data-src="https://cdn.kosik.cz/content/product/jpg/list/66590.jpg" alt="Belgian Čokoládová bonboniera Srdíčka 200g" class="loading-images loading-image">
                </a>




        </div>
                <div class="product-item-info">
                <h5><a href="javascript:void(0)" aria-label="Belgian Čokoládová bonboniera Srdíčka 200g" data-href="/delikatesy?productWidget-widgetCarousel-9-id=49036&amp;do=productWidget-widgetCarousel-9-modal" class="product-name modal-link"
                   data-target="productWidget-widgetCarousel-9-productModal" onclick="kosikAjax.click(this, initModalCarousel(this))">
                    Belgian Čokoládová bonboniera Srdíčka 200g
                    
                </a></h5>
            <p class="product-item-price ">
                <span class="price-before-discount">
				</span>
                <strong class="price">103,90 Kč</strong>

            </p>
            <p class="product-item-unit">
                    (<strong class="price">519,50 Kč</strong> / kg)
            </p>
                        <div class="product-list-rating">
            </div>
<div id="snippet-productWidget-widgetCarousel-9-buy-49036-quantity">        <div class="product-quantity-control">
            <form action="/delikatesy" method="post" class="ajax" id="frm-productWidget-widgetCarousel-9-buy-49036-quantityForm">
                <input type="text" name="quantity" size="3" id="frm-productWidget-widgetCarousel-9-buy-49036-quantityForm-quantity" data-nette-rules='[{"op":":integer","msg":"Množství musí být číslo."}]' value="1" aria-label="počet k přidání">
                <input type="submit" name="_submit" value="Přidat" class="product-quantity-control-submit plus" aria-label="přidat počet do košíku">
            <input type="hidden" name="do" value="productWidget-widgetCarousel-9-buy-49036-quantityForm-submit"><!--[if IE]><input type=IEbug disabled style="display:none"><![endif]-->
</form>

        </div>
</div>
                <p class="product-incart-info accessible">Produkt nemáte v košíku</p>


        </div>

        
    </div>
    <div id="product-append-24334" class="product-item">
        <div class="product-item-flags">
        </div>
        <div class="product-item-image">
                <a data-href="/delikatesy?productWidget-widgetCarousel-9-id=24334&amp;do=productWidget-widgetCarousel-9-modal"
                   data-target="productWidget-widgetCarousel-9-productModal"
                   data-product-id="24334"
                   data-product-price="279.9"
                   data-page-title="Lindt Pralinés Hochfein směs bonbónů 200g"
                   data-page-path="/produkt/24334-lindt-pralines-hochfein-smes-bonbonu-200g"
                   data-user-id=""
                   aria-hidden="true"
                   data-kosikmodal-onclose="onProductModalDestroy"
                   onclick="kosikAjax.click(this, initModalCarousel(this))">
                    <img src="https://cdn.kosik.cz/content/product/jpg/list/placeholder.jpg" data-src="https://cdn.kosik.cz/content/product/jpg/list/41579.jpg" alt="Lindt Pralinés Hochfein směs bonbónů 200g" class="loading-images loading-image">
                </a>




        </div>
                <div class="product-item-info">
                <h5><a href="javascript:void(0)" aria-label="Lindt Pralinés Hochfein směs bonbónů 200g" data-href="/delikatesy?productWidget-widgetCarousel-9-id=24334&amp;do=productWidget-widgetCarousel-9-modal" class="product-name modal-link"
                   data-target="productWidget-widgetCarousel-9-productModal" onclick="kosikAjax.click(this, initModalCarousel(this))">
                    Lindt Pralinés Hochfein směs bonbónů 200g
                    
                </a></h5>
            <p class="product-item-price ">
                <span class="price-before-discount">
				</span>
                <strong class="price">279,90 Kč</strong>

            </p>
            <p class="product-item-unit">
                    (<strong class="price">1 399,50 Kč</strong> / kg)
            </p>
                        <div class="product-list-rating">
            </div>
<div id="snippet-productWidget-widgetCarousel-9-buy-24334-quantity">        <div class="product-quantity-control">
            <form action="/delikatesy" method="post" class="ajax" id="frm-productWidget-widgetCarousel-9-buy-24334-quantityForm">
                <input type="text" name="quantity" size="3" id="frm-productWidget-widgetCarousel-9-buy-24334-quantityForm-quantity" data-nette-rules='[{"op":":integer","msg":"Množství musí být číslo."}]' value="1" aria-label="počet k přidání">
                <input type="submit" name="_submit" value="Přidat" class="product-quantity-control-submit plus" aria-label="přidat počet do košíku">
            <input type="hidden" name="do" value="productWidget-widgetCarousel-9-buy-24334-quantityForm-submit"><!--[if IE]><input type=IEbug disabled style="display:none"><![endif]-->
</form>

        </div>
</div>
                <p class="product-incart-info accessible">Produkt nemáte v košíku</p>


        </div>

        
    </div>
    <div id="product-append-16935" class="product-item">
        <div class="product-item-flags">
            <div class="flag-sale ">
                <span class="percents">29<small>&#37;</small></span>
            </div>
        </div>
        <div class="product-item-image">
                <a data-href="/delikatesy?productWidget-widgetCarousel-9-id=16935&amp;do=productWidget-widgetCarousel-9-modal"
                   data-target="productWidget-widgetCarousel-9-productModal"
                   data-product-id="16935"
                   data-product-price="169.9"
                   data-page-title="Lindt Lindor pralinky čokoládové koule hořké 60% 200g"
                   data-page-path="/produkt/16935-lindt-lindor-pralinky-cokoladove-koule-horke-60-200g"
                   data-user-id=""
                   aria-hidden="true"
                   data-kosikmodal-onclose="onProductModalDestroy"
                   onclick="kosikAjax.click(this, initModalCarousel(this))">
                    <img src="https://cdn.kosik.cz/content/product/jpg/list/placeholder.jpg" data-src="https://cdn.kosik.cz/content/product/jpg/list/34203.jpg" alt="Lindt Lindor pralinky čokoládové koule hořké 60% 200g" class="loading-images loading-image">
                </a>




        </div>
                <div class="product-item-info">
                <h5><a href="javascript:void(0)" aria-label="Lindt Lindor pralinky čokoládové koule hořké 60% 200g" data-href="/delikatesy?productWidget-widgetCarousel-9-id=16935&amp;do=productWidget-widgetCarousel-9-modal" class="product-name modal-link"
                   data-target="productWidget-widgetCarousel-9-productModal" onclick="kosikAjax.click(this, initModalCarousel(this))">
                    Lindt Lindor pralinky čokoládové koule hořké 60% 200g
                    
                </a></h5>
            <p class="product-item-price product-in-discount">
                <span class="price-before-discount">
					<span><strong class="price">169,90 Kč</strong></span>
				</span>
                <strong class="price">119,90 Kč</strong>

            </p>
            <p class="product-item-unit">
                    (<strong class="price">599,50 Kč</strong> / kg)
            </p>
                        <div class="product-list-rating">
            </div>
<div id="snippet-productWidget-widgetCarousel-9-buy-16935-quantity">        <div class="product-quantity-control">
            <form action="/delikatesy" method="post" class="ajax" id="frm-productWidget-widgetCarousel-9-buy-16935-quantityForm">
                <input type="text" name="quantity" size="3" id="frm-productWidget-widgetCarousel-9-buy-16935-quantityForm-quantity" data-nette-rules='[{"op":":integer","msg":"Množství musí být číslo."}]' value="1" aria-label="počet k přidání">
                <input type="submit" name="_submit" value="Přidat" class="product-quantity-control-submit plus" aria-label="přidat počet do košíku">
            <input type="hidden" name="do" value="productWidget-widgetCarousel-9-buy-16935-quantityForm-submit"><!--[if IE]><input type=IEbug disabled style="display:none"><![endif]-->
</form>

        </div>
</div>
                <p class="product-incart-info accessible">Produkt nemáte v košíku</p>


        </div>

        
    </div>
    <div id="product-append-37052" class="product-item">
        <div class="product-item-flags">
        </div>
        <div class="product-item-image">
                <a data-href="/delikatesy?productWidget-widgetCarousel-9-id=37052&amp;do=productWidget-widgetCarousel-9-modal"
                   data-target="productWidget-widgetCarousel-9-productModal"
                   data-product-id="37052"
                   data-product-price="139.9"
                   data-page-title="Victor Schmidt Mozart Kugeln pralinky 18ks 297g"
                   data-page-path="/produkt/37052-victor-schmidt-mozart-kugeln-pralinky-18ks-297g"
                   data-user-id=""
                   aria-hidden="true"
                   data-kosikmodal-onclose="onProductModalDestroy"
                   onclick="kosikAjax.click(this, initModalCarousel(this))">
                    <img src="https://cdn.kosik.cz/content/product/jpg/list/placeholder.jpg" data-src="https://cdn.kosik.cz/content/product/jpg/list/54675.jpg" alt="Victor Schmidt Mozart Kugeln pralinky 18ks 297g" class="loading-images loading-image">
                </a>




        </div>
                <div class="product-item-info">
                <h5><a href="javascript:void(0)" aria-label="Victor Schmidt Mozart Kugeln pralinky 18ks 297g" data-href="/delikatesy?productWidget-widgetCarousel-9-id=37052&amp;do=productWidget-widgetCarousel-9-modal" class="product-name modal-link"
                   data-target="productWidget-widgetCarousel-9-productModal" onclick="kosikAjax.click(this, initModalCarousel(this))">
                    Victor Schmidt Mozart Kugeln pralinky 18ks 297g
                    
                </a></h5>
            <p class="product-item-price ">
                <span class="price-before-discount">
				</span>
                <strong class="price">139,90 Kč</strong>

            </p>
            <p class="product-item-unit">
                    (<strong class="price">471,00 Kč</strong> / kg)
            </p>
                        <div class="product-list-rating">
            </div>
<div id="snippet-productWidget-widgetCarousel-9-buy-37052-quantity">        <div class="product-quantity-control">
            <form action="/delikatesy" method="post" class="ajax" id="frm-productWidget-widgetCarousel-9-buy-37052-quantityForm">
                <input type="text" name="quantity" size="3" id="frm-productWidget-widgetCarousel-9-buy-37052-quantityForm-quantity" data-nette-rules='[{"op":":integer","msg":"Množství musí být číslo."}]' value="1" aria-label="počet k přidání">
                <input type="submit" name="_submit" value="Přidat" class="product-quantity-control-submit plus" aria-label="přidat počet do košíku">
            <input type="hidden" name="do" value="productWidget-widgetCarousel-9-buy-37052-quantityForm-submit"><!--[if IE]><input type=IEbug disabled style="display:none"><![endif]-->
</form>

        </div>
</div>
                <p class="product-incart-info accessible">Produkt nemáte v košíku</p>


        </div>

        
    </div>
    <div id="product-append-1047" class="product-item">
        <div class="product-item-flags">
        </div>
        <div class="product-item-image">
                <a data-href="/delikatesy?productWidget-widgetCarousel-9-id=1047&amp;do=productWidget-widgetCarousel-9-modal"
                   data-target="productWidget-widgetCarousel-9-productModal"
                   data-product-id="1047"
                   data-product-price="119.9"
                   data-page-title="Merci 4 druhy čokoládových specialit s mandlemi 250g"
                   data-page-path="/produkt/1047-merci-4-druhy-cokoladovych-specialit-s-mandlemi-250g"
                   data-user-id=""
                   aria-hidden="true"
                   data-kosikmodal-onclose="onProductModalDestroy"
                   onclick="kosikAjax.click(this, initModalCarousel(this))">
                    <img src="https://cdn.kosik.cz/content/product/jpg/list/placeholder.jpg" data-src="https://cdn.kosik.cz/content/product/jpg/list/1114.jpg" alt="Merci 4 druhy čokoládových specialit s mandlemi 250g" class="loading-images loading-image">
                </a>




        </div>
                <div class="product-item-info">
                <h5><a href="javascript:void(0)" aria-label="Merci 4 druhy čokoládových specialit s mandlemi 250g" data-href="/delikatesy?productWidget-widgetCarousel-9-id=1047&amp;do=productWidget-widgetCarousel-9-modal" class="product-name modal-link"
                   data-target="productWidget-widgetCarousel-9-productModal" onclick="kosikAjax.click(this, initModalCarousel(this))">
                    Merci 4 druhy čokoládových specialit s mandlemi 250g
                    
                </a></h5>
            <p class="product-item-price ">
                <span class="price-before-discount">
				</span>
                <strong class="price">119,90 Kč</strong>

            </p>
            <p class="product-item-unit">
                    (<strong class="price">479,60 Kč</strong> / kg)
            </p>
                        <div class="product-list-rating">
            </div>
<div id="snippet-productWidget-widgetCarousel-9-buy-1047-quantity">        <div class="product-quantity-control">
            <form action="/delikatesy" method="post" class="ajax" id="frm-productWidget-widgetCarousel-9-buy-1047-quantityForm">
                <input type="text" name="quantity" size="3" id="frm-productWidget-widgetCarousel-9-buy-1047-quantityForm-quantity" data-nette-rules='[{"op":":integer","msg":"Množství musí být číslo."}]' value="1" aria-label="počet k přidání">
                <input type="submit" name="_submit" value="Přidat" class="product-quantity-control-submit plus" aria-label="přidat počet do košíku">
            <input type="hidden" name="do" value="productWidget-widgetCarousel-9-buy-1047-quantityForm-submit"><!--[if IE]><input type=IEbug disabled style="display:none"><![endif]-->
</form>

        </div>
</div>
                <p class="product-incart-info accessible">Produkt nemáte v košíku</p>


        </div>

        
    </div>
    <div id="product-append-22512" class="product-item">
        <div class="product-item-flags">
        </div>
        <div class="product-item-image">
                <a data-href="/delikatesy?productWidget-widgetCarousel-9-id=22512&amp;do=productWidget-widgetCarousel-9-modal"
                   data-target="productWidget-widgetCarousel-9-productModal"
                   data-product-id="22512"
                   data-product-price="249.9"
                   data-page-title="Mucha Italské čokoládové pralinky v plechové dóze 230g"
                   data-page-path="/produkt/22512-mucha-italske-cokoladove-pralinky-v-plechove-doze-230g"
                   data-user-id=""
                   aria-hidden="true"
                   data-kosikmodal-onclose="onProductModalDestroy"
                   onclick="kosikAjax.click(this, initModalCarousel(this))">
                    <img src="https://cdn.kosik.cz/content/product/jpg/list/placeholder.jpg" data-src="https://cdn.kosik.cz/content/product/jpg/list/39761.jpg" alt="Mucha Italské čokoládové pralinky v plechové dóze 230g" class="loading-images loading-image">
                </a>




        </div>
                <div class="product-item-info">
                <h5><a href="javascript:void(0)" aria-label="Mucha Italské čokoládové pralinky v plechové dóze 230g" data-href="/delikatesy?productWidget-widgetCarousel-9-id=22512&amp;do=productWidget-widgetCarousel-9-modal" class="product-name modal-link"
                   data-target="productWidget-widgetCarousel-9-productModal" onclick="kosikAjax.click(this, initModalCarousel(this))">
                    Mucha Italské čokoládové pralinky v plechové dóze 230g
                    
                </a></h5>
            <p class="product-item-price ">
                <span class="price-before-discount">
				</span>
                <strong class="price">249,90 Kč</strong>

            </p>
            <p class="product-item-unit">
                    (<strong class="price">1 086,50 Kč</strong> / kg)
            </p>
                        <div class="product-list-rating">
            </div>
<div id="snippet-productWidget-widgetCarousel-9-buy-22512-quantity">        <div class="product-quantity-control">
            <form action="/delikatesy" method="post" class="ajax" id="frm-productWidget-widgetCarousel-9-buy-22512-quantityForm">
                <input type="text" name="quantity" size="3" id="frm-productWidget-widgetCarousel-9-buy-22512-quantityForm-quantity" data-nette-rules='[{"op":":integer","msg":"Množství musí být číslo."}]' value="1" aria-label="počet k přidání">
                <input type="submit" name="_submit" value="Přidat" class="product-quantity-control-submit plus" aria-label="přidat počet do košíku">
            <input type="hidden" name="do" value="productWidget-widgetCarousel-9-buy-22512-quantityForm-submit"><!--[if IE]><input type=IEbug disabled style="display:none"><![endif]-->
</form>

        </div>
</div>
                <p class="product-incart-info accessible">Produkt nemáte v košíku</p>


        </div>

        
    </div>
    <div id="product-append-3581" class="product-item">
        <div class="product-item-flags">
        </div>
        <div class="product-item-image">
                <a data-href="/delikatesy?productWidget-widgetCarousel-9-id=3581&amp;do=productWidget-widgetCarousel-9-modal"
                   data-target="productWidget-widgetCarousel-9-productModal"
                   data-product-id="3581"
                   data-product-price="109.9"
                   data-page-title="Ferrero Raffaello Oplatka s náplní a celou mandlí zdobená strouhaným kokosem 150g"
                   data-page-path="/produkt/3581-ferrero-raffaello-oplatka-s-naplni-a-celou-mandli-zdobena-strouhanym-kokosem-150g"
                   data-user-id=""
                   aria-hidden="true"
                   data-kosikmodal-onclose="onProductModalDestroy"
                   onclick="kosikAjax.click(this, initModalCarousel(this))">
                    <img src="https://cdn.kosik.cz/content/product/jpg/list/placeholder.jpg" data-src="https://cdn.kosik.cz/content/product/jpg/list/3720.jpg" alt="Ferrero Raffaello Oplatka s náplní a celou mandlí zdobená strouhaným kokosem 150g" class="loading-images loading-image">
                </a>




        </div>
                <div class="product-item-info">
                <h5><a href="javascript:void(0)" aria-label="Ferrero Raffaello Oplatka s náplní a celou mandlí zdobená strouhaným kokosem 150g" data-href="/delikatesy?productWidget-widgetCarousel-9-id=3581&amp;do=productWidget-widgetCarousel-9-modal" class="product-name modal-link"
                   data-target="productWidget-widgetCarousel-9-productModal" onclick="kosikAjax.click(this, initModalCarousel(this))">
                    Ferrero Raffaello Oplatka s náplní a celou mandlí zdobená strouhaným kokosem 150g
                    
                </a></h5>
            <p class="product-item-price ">
                <span class="price-before-discount">
				</span>
                <strong class="price">109,90 Kč</strong>

            </p>
            <p class="product-item-unit">
                    (<strong class="price">732,70 Kč</strong> / kg)
            </p>
                        <div class="product-list-rating">
            </div>
<div id="snippet-productWidget-widgetCarousel-9-buy-3581-quantity">        <div class="product-quantity-control">
            <form action="/delikatesy" method="post" class="ajax" id="frm-productWidget-widgetCarousel-9-buy-3581-quantityForm">
                <input type="text" name="quantity" size="3" id="frm-productWidget-widgetCarousel-9-buy-3581-quantityForm-quantity" data-nette-rules='[{"op":":integer","msg":"Množství musí být číslo."}]' value="1" aria-label="počet k přidání">
                <input type="submit" name="_submit" value="Přidat" class="product-quantity-control-submit plus" aria-label="přidat počet do košíku">
            <input type="hidden" name="do" value="productWidget-widgetCarousel-9-buy-3581-quantityForm-submit"><!--[if IE]><input type=IEbug disabled style="display:none"><![endif]-->
</form>

        </div>
</div>
                <p class="product-incart-info accessible">Produkt nemáte v košíku</p>


        </div>

        
    </div>
    <div id="product-append-1046" class="product-item">
        <div class="product-item-flags">
        </div>
        <div class="product-item-image">
                <a data-href="/delikatesy?productWidget-widgetCarousel-9-id=1046&amp;do=productWidget-widgetCarousel-9-modal"
                   data-target="productWidget-widgetCarousel-9-productModal"
                   data-product-id="1046"
                   data-product-price="119.9"
                   data-page-title="Merci 4 druhy mléčných čokoládových specialit 250g"
                   data-page-path="/produkt/1046-merci-4-druhy-mlecnych-cokoladovych-specialit-250g"
                   data-user-id=""
                   aria-hidden="true"
                   data-kosikmodal-onclose="onProductModalDestroy"
                   onclick="kosikAjax.click(this, initModalCarousel(this))">
                    <img src="https://cdn.kosik.cz/content/product/jpg/list/placeholder.jpg" data-src="https://cdn.kosik.cz/content/product/jpg/list/1113.jpg" alt="Merci 4 druhy mléčných čokoládových specialit 250g" class="loading-images loading-image">
                </a>




        </div>
                <div class="product-item-info">
                <h5><a href="javascript:void(0)" aria-label="Merci 4 druhy mléčných čokoládových specialit 250g" data-href="/delikatesy?productWidget-widgetCarousel-9-id=1046&amp;do=productWidget-widgetCarousel-9-modal" class="product-name modal-link"
                   data-target="productWidget-widgetCarousel-9-productModal" onclick="kosikAjax.click(this, initModalCarousel(this))">
                    Merci 4 druhy mléčných čokoládových specialit 250g
                    
                </a></h5>
            <p class="product-item-price ">
                <span class="price-before-discount">
				</span>
                <strong class="price">119,90 Kč</strong>

            </p>
            <p class="product-item-unit">
                    (<strong class="price">479,60 Kč</strong> / kg)
            </p>
                        <div class="product-list-rating">
            </div>
<div id="snippet-productWidget-widgetCarousel-9-buy-1046-quantity">        <div class="product-quantity-control">
            <form action="/delikatesy" method="post" class="ajax" id="frm-productWidget-widgetCarousel-9-buy-1046-quantityForm">
                <input type="text" name="quantity" size="3" id="frm-productWidget-widgetCarousel-9-buy-1046-quantityForm-quantity" data-nette-rules='[{"op":":integer","msg":"Množství musí být číslo."}]' value="1" aria-label="počet k přidání">
                <input type="submit" name="_submit" value="Přidat" class="product-quantity-control-submit plus" aria-label="přidat počet do košíku">
            <input type="hidden" name="do" value="productWidget-widgetCarousel-9-buy-1046-quantityForm-submit"><!--[if IE]><input type=IEbug disabled style="display:none"><![endif]-->
</form>

        </div>
</div>
                <p class="product-incart-info accessible">Produkt nemáte v košíku</p>


        </div>

        
    </div>
    <div id="product-append-1049" class="product-item">
        <div class="product-item-flags">
        </div>
        <div class="product-item-image">
                <a data-href="/delikatesy?productWidget-widgetCarousel-9-id=1049&amp;do=productWidget-widgetCarousel-9-modal"
                   data-target="productWidget-widgetCarousel-9-productModal"
                   data-product-id="1049"
                   data-product-price="229.9"
                   data-page-title="Merci 8 druhů vybraných čokoládových specialit 400g"
                   data-page-path="/produkt/1049-merci-8-druhu-vybranych-cokoladovych-specialit-400g"
                   data-user-id=""
                   aria-hidden="true"
                   data-kosikmodal-onclose="onProductModalDestroy"
                   onclick="kosikAjax.click(this, initModalCarousel(this))">
                    <img src="https://cdn.kosik.cz/content/product/jpg/list/placeholder.jpg" data-src="https://cdn.kosik.cz/content/product/jpg/list/1116.jpg" alt="Merci 8 druhů vybraných čokoládových specialit 400g" class="loading-images loading-image">
                </a>




        </div>
                <div class="product-item-info">
                <h5><a href="javascript:void(0)" aria-label="Merci 8 druhů vybraných čokoládových specialit 400g" data-href="/delikatesy?productWidget-widgetCarousel-9-id=1049&amp;do=productWidget-widgetCarousel-9-modal" class="product-name modal-link"
                   data-target="productWidget-widgetCarousel-9-productModal" onclick="kosikAjax.click(this, initModalCarousel(this))">
                    Merci 8 druhů vybraných čokoládových specialit 400g
                    
                </a></h5>
            <p class="product-item-price ">
                <span class="price-before-discount">
				</span>
                <strong class="price">229,90 Kč</strong>

            </p>
            <p class="product-item-unit">
                    (<strong class="price">574,80 Kč</strong> / kg)
            </p>
                        <div class="product-list-rating">
            </div>
<div id="snippet-productWidget-widgetCarousel-9-buy-1049-quantity">        <div class="product-quantity-control">
            <form action="/delikatesy" method="post" class="ajax" id="frm-productWidget-widgetCarousel-9-buy-1049-quantityForm">
                <input type="text" name="quantity" size="3" id="frm-productWidget-widgetCarousel-9-buy-1049-quantityForm-quantity" data-nette-rules='[{"op":":integer","msg":"Množství musí být číslo."}]' value="1" aria-label="počet k přidání">
                <input type="submit" name="_submit" value="Přidat" class="product-quantity-control-submit plus" aria-label="přidat počet do košíku">
            <input type="hidden" name="do" value="productWidget-widgetCarousel-9-buy-1049-quantityForm-submit"><!--[if IE]><input type=IEbug disabled style="display:none"><![endif]-->
</form>

        </div>
</div>
                <p class="product-incart-info accessible">Produkt nemáte v košíku</p>


        </div>

        
    </div>
    <div id="product-append-16997" class="product-item">
        <div class="product-item-flags">
            <div class="flag-sale ">
                <span class="percents">29<small>&#37;</small></span>
            </div>
        </div>
        <div class="product-item-image">
                <a data-href="/delikatesy?productWidget-widgetCarousel-9-id=16997&amp;do=productWidget-widgetCarousel-9-modal"
                   data-target="productWidget-widgetCarousel-9-productModal"
                   data-product-id="16997"
                   data-product-price="169.9"
                   data-page-title="Lindt Lindor Mléčná čokoláda s jemnou tekutou náplní 200g"
                   data-page-path="/produkt/16997-lindt-lindor-mlecna-cokolada-s-jemnou-tekutou-naplni-200g"
                   data-user-id=""
                   aria-hidden="true"
                   data-kosikmodal-onclose="onProductModalDestroy"
                   onclick="kosikAjax.click(this, initModalCarousel(this))">
                    <img src="https://cdn.kosik.cz/content/product/jpg/list/placeholder.jpg" data-src="https://cdn.kosik.cz/content/product/jpg/list/34265.jpg" alt="Lindt Lindor Mléčná čokoláda s jemnou tekutou náplní 200g" class="loading-images loading-image">
                </a>




        </div>
                <div class="product-item-info">
                <h5><a href="javascript:void(0)" aria-label="Lindt Lindor Mléčná čokoláda s jemnou tekutou náplní 200g" data-href="/delikatesy?productWidget-widgetCarousel-9-id=16997&amp;do=productWidget-widgetCarousel-9-modal" class="product-name modal-link"
                   data-target="productWidget-widgetCarousel-9-productModal" onclick="kosikAjax.click(this, initModalCarousel(this))">
                    Lindt Lindor Mléčná čokoláda s jemnou tekutou náplní 200g
                    
                </a></h5>
            <p class="product-item-price product-in-discount">
                <span class="price-before-discount">
					<span><strong class="price">169,90 Kč</strong></span>
				</span>
                <strong class="price">119,90 Kč</strong>

            </p>
            <p class="product-item-unit">
                    (<strong class="price">599,50 Kč</strong> / kg)
            </p>
                        <div class="product-list-rating">
            </div>
<div id="snippet-productWidget-widgetCarousel-9-buy-16997-quantity">        <div class="product-quantity-control">
            <form action="/delikatesy" method="post" class="ajax" id="frm-productWidget-widgetCarousel-9-buy-16997-quantityForm">
                <input type="text" name="quantity" size="3" id="frm-productWidget-widgetCarousel-9-buy-16997-quantityForm-quantity" data-nette-rules='[{"op":":integer","msg":"Množství musí být číslo."}]' value="1" aria-label="počet k přidání">
                <input type="submit" name="_submit" value="Přidat" class="product-quantity-control-submit plus" aria-label="přidat počet do košíku">
            <input type="hidden" name="do" value="productWidget-widgetCarousel-9-buy-16997-quantityForm-submit"><!--[if IE]><input type=IEbug disabled style="display:none"><![endif]-->
</form>

        </div>
</div>
                <p class="product-incart-info accessible">Produkt nemáte v košíku</p>


        </div>

        
    </div>
    <div id="product-append-1057" class="product-item">
        <div class="product-item-flags">
        </div>
        <div class="product-item-image">
                <a data-href="/delikatesy?productWidget-widgetCarousel-9-id=1057&amp;do=productWidget-widgetCarousel-9-modal"
                   data-target="productWidget-widgetCarousel-9-productModal"
                   data-product-id="1057"
                   data-product-price="119.9"
                   data-page-title="Merci Finest Selection kolekce plněných a neplněných čokolád 250g"
                   data-page-path="/produkt/1057-merci-finest-selection-kolekce-plnenych-a-neplnenych-cokolad-250g"
                   data-user-id=""
                   aria-hidden="true"
                   data-kosikmodal-onclose="onProductModalDestroy"
                   onclick="kosikAjax.click(this, initModalCarousel(this))">
                    <img src="https://cdn.kosik.cz/content/product/jpg/list/placeholder.jpg" data-src="https://cdn.kosik.cz/content/product/jpg/list/1124.jpg" alt="Merci Finest Selection kolekce plněných a neplněných čokolád 250g" class="loading-images loading-image">
                </a>




        </div>
                <div class="product-item-info">
                <h5><a href="javascript:void(0)" aria-label="Merci Finest Selection kolekce plněných a neplněných čokolád 250g" data-href="/delikatesy?productWidget-widgetCarousel-9-id=1057&amp;do=productWidget-widgetCarousel-9-modal" class="product-name modal-link"
                   data-target="productWidget-widgetCarousel-9-productModal" onclick="kosikAjax.click(this, initModalCarousel(this))">
                    Merci Finest Selection kolekce plněných a neplněných čokolád 250g
                    
                </a></h5>
            <p class="product-item-price ">
                <span class="price-before-discount">
				</span>
                <strong class="price">119,90 Kč</strong>

            </p>
            <p class="product-item-unit">
                    (<strong class="price">479,60 Kč</strong> / kg)
            </p>
                        <div class="product-list-rating">
            </div>
<div id="snippet-productWidget-widgetCarousel-9-buy-1057-quantity">        <div class="product-quantity-control">
            <form action="/delikatesy" method="post" class="ajax" id="frm-productWidget-widgetCarousel-9-buy-1057-quantityForm">
                <input type="text" name="quantity" size="3" id="frm-productWidget-widgetCarousel-9-buy-1057-quantityForm-quantity" data-nette-rules='[{"op":":integer","msg":"Množství musí být číslo."}]' value="1" aria-label="počet k přidání">
                <input type="submit" name="_submit" value="Přidat" class="product-quantity-control-submit plus" aria-label="přidat počet do košíku">
            <input type="hidden" name="do" value="productWidget-widgetCarousel-9-buy-1057-quantityForm-submit"><!--[if IE]><input type=IEbug disabled style="display:none"><![endif]-->
</form>

        </div>
</div>
                <p class="product-incart-info accessible">Produkt nemáte v košíku</p>


        </div>

        
    </div>
    <div id="product-append-24359" class="product-item">
        <div class="product-item-flags">
        </div>
        <div class="product-item-image">
                <a data-href="/delikatesy?productWidget-widgetCarousel-9-id=24359&amp;do=productWidget-widgetCarousel-9-modal"
                   data-target="productWidget-widgetCarousel-9-productModal"
                   data-product-id="24359"
                   data-product-price="199"
                   data-page-title="Lindt čokoláda lískový oříšek 300g"
                   data-page-path="/produkt/24359-lindt-cokolada-liskovy-orisek-300g"
                   data-user-id=""
                   aria-hidden="true"
                   data-kosikmodal-onclose="onProductModalDestroy"
                   onclick="kosikAjax.click(this, initModalCarousel(this))">
                    <img src="https://cdn.kosik.cz/content/product/jpg/list/placeholder.jpg" data-src="https://cdn.kosik.cz/content/product/jpg/list/41604.jpg" alt="Lindt čokoláda lískový oříšek 300g" class="loading-images loading-image">
                </a>




        </div>
                <div class="product-item-info">
                <h5><a href="javascript:void(0)" aria-label="Lindt čokoláda lískový oříšek 300g" data-href="/delikatesy?productWidget-widgetCarousel-9-id=24359&amp;do=productWidget-widgetCarousel-9-modal" class="product-name modal-link"
                   data-target="productWidget-widgetCarousel-9-productModal" onclick="kosikAjax.click(this, initModalCarousel(this))">
                    Lindt čokoláda lískový oříšek 300g
                    
                </a></h5>
            <p class="product-item-price ">
                <span class="price-before-discount">
				</span>
                <strong class="price">199,00 Kč</strong>

            </p>
            <p class="product-item-unit">
                    (<strong class="price">663,30 Kč</strong> / kg)
            </p>
                        <div class="product-list-rating">
                <span><ul class="rating"><li class="rating-children rating-1 up" data-rating="1"><i class="fa fa-star"></i></li><li class="rating-children rating-2 up" data-rating="2"><i class="fa fa-star"></i></li><li class="rating-children rating-3 up" data-rating="3"><i class="fa fa-star"></i></li><li class="rating-children rating-4 up" data-rating="4"><i class="fa fa-star"></i></li><li class="rating-children rating-5 up" data-rating="5"><i class="fa fa-star"></i></li></ul></span>
            </div>
<div id="snippet-productWidget-widgetCarousel-9-buy-24359-quantity">        <div class="product-quantity-control">
            <form action="/delikatesy" method="post" class="ajax" id="frm-productWidget-widgetCarousel-9-buy-24359-quantityForm">
                <input type="text" name="quantity" size="3" id="frm-productWidget-widgetCarousel-9-buy-24359-quantityForm-quantity" data-nette-rules='[{"op":":integer","msg":"Množství musí být číslo."}]' value="1" aria-label="počet k přidání">
                <input type="submit" name="_submit" value="Přidat" class="product-quantity-control-submit plus" aria-label="přidat počet do košíku">
            <input type="hidden" name="do" value="productWidget-widgetCarousel-9-buy-24359-quantityForm-submit"><!--[if IE]><input type=IEbug disabled style="display:none"><![endif]-->
</form>

        </div>
</div>
                <p class="product-incart-info accessible">Produkt nemáte v košíku</p>


        </div>

        
    </div>
    <div id="product-append-8065" class="product-item">
        <div class="product-item-flags">
        </div>
        <div class="product-item-image">
                <a data-href="/delikatesy?productWidget-widgetCarousel-9-id=8065&amp;do=productWidget-widgetCarousel-9-modal"
                   data-target="productWidget-widgetCarousel-9-productModal"
                   data-product-id="8065"
                   data-product-price="179.9"
                   data-page-title="Fazer Geisha Pralinky z mléčné čokolády s lískooříškovou náplní 350g"
                   data-page-path="/produkt/8065-fazer-geisha-pralinky-z-mlecne-cokolady-s-liskooriskovou-naplni-350g"
                   data-user-id=""
                   aria-hidden="true"
                   data-kosikmodal-onclose="onProductModalDestroy"
                   onclick="kosikAjax.click(this, initModalCarousel(this))">
                    <img src="https://cdn.kosik.cz/content/product/jpg/list/placeholder.jpg" data-src="https://cdn.kosik.cz/content/product/jpg/list/15447.jpg" alt="Fazer Geisha Pralinky z mléčné čokolády s lískooříškovou náplní 350g" class="loading-images loading-image">
                </a>




        </div>
                <div class="product-item-info">
                <h5><a href="javascript:void(0)" aria-label="Fazer Geisha Pralinky z mléčné čokolády s lískooříškovou náplní 350g" data-href="/delikatesy?productWidget-widgetCarousel-9-id=8065&amp;do=productWidget-widgetCarousel-9-modal" class="product-name modal-link"
                   data-target="productWidget-widgetCarousel-9-productModal" onclick="kosikAjax.click(this, initModalCarousel(this))">
                    Fazer Geisha Pralinky z mléčné čokolády s lískooříškovou náplní 350g
                    
                </a></h5>
            <p class="product-item-price ">
                <span class="price-before-discount">
				</span>
                <strong class="price">179,90 Kč</strong>

            </p>
            <p class="product-item-unit">
                    (<strong class="price">514,00 Kč</strong> / kg)
            </p>
                        <div class="product-list-rating">
            </div>
<div id="snippet-productWidget-widgetCarousel-9-buy-8065-quantity">        <div class="product-quantity-control">
            <form action="/delikatesy" method="post" class="ajax" id="frm-productWidget-widgetCarousel-9-buy-8065-quantityForm">
                <input type="text" name="quantity" size="3" id="frm-productWidget-widgetCarousel-9-buy-8065-quantityForm-quantity" data-nette-rules='[{"op":":integer","msg":"Množství musí být číslo."}]' value="1" aria-label="počet k přidání">
                <input type="submit" name="_submit" value="Přidat" class="product-quantity-control-submit plus" aria-label="přidat počet do košíku">
            <input type="hidden" name="do" value="productWidget-widgetCarousel-9-buy-8065-quantityForm-submit"><!--[if IE]><input type=IEbug disabled style="display:none"><![endif]-->
</form>

        </div>
</div>
                <p class="product-incart-info accessible">Produkt nemáte v košíku</p>


        </div>

        
    </div>
    <div id="product-append-24361" class="product-item">
        <div class="product-item-flags">
        </div>
        <div class="product-item-image">
                <a data-href="/delikatesy?productWidget-widgetCarousel-9-id=24361&amp;do=productWidget-widgetCarousel-9-modal"
                   data-target="productWidget-widgetCarousel-9-productModal"
                   data-product-id="24361"
                   data-product-price="229.9"
                   data-page-title="Lindt Lískooříškový krém 40% ořechů 210g"
                   data-page-path="/produkt/24361-lindt-liskooriskovy-krem-40-orechu-210g"
                   data-user-id=""
                   aria-hidden="true"
                   data-kosikmodal-onclose="onProductModalDestroy"
                   onclick="kosikAjax.click(this, initModalCarousel(this))">
                    <img src="https://cdn.kosik.cz/content/product/jpg/list/placeholder.jpg" data-src="https://cdn.kosik.cz/content/product/jpg/list/41606.jpg" alt="Lindt Lískooříškový krém 40% ořechů 210g" class="loading-images loading-image">
                </a>




        </div>
                <div class="product-item-info">
                <h5><a href="javascript:void(0)" aria-label="Lindt Lískooříškový krém 40% ořechů 210g" data-href="/delikatesy?productWidget-widgetCarousel-9-id=24361&amp;do=productWidget-widgetCarousel-9-modal" class="product-name modal-link"
                   data-target="productWidget-widgetCarousel-9-productModal" onclick="kosikAjax.click(this, initModalCarousel(this))">
                    Lindt Lískooříškový krém 40% ořechů 210g
                    
                </a></h5>
            <p class="product-item-price ">
                <span class="price-before-discount">
				</span>
                <strong class="price">229,90 Kč</strong>

            </p>
            <p class="product-item-unit">
                    (<strong class="price">1 094,80 Kč</strong> / kg)
            </p>
                        <div class="product-list-rating">
            </div>
<div id="snippet-productWidget-widgetCarousel-9-buy-24361-quantity">        <div class="product-quantity-control">
            <form action="/delikatesy" method="post" class="ajax" id="frm-productWidget-widgetCarousel-9-buy-24361-quantityForm">
                <input type="text" name="quantity" size="3" id="frm-productWidget-widgetCarousel-9-buy-24361-quantityForm-quantity" data-nette-rules='[{"op":":integer","msg":"Množství musí být číslo."}]' value="1" aria-label="počet k přidání">
                <input type="submit" name="_submit" value="Přidat" class="product-quantity-control-submit plus" aria-label="přidat počet do košíku">
            <input type="hidden" name="do" value="productWidget-widgetCarousel-9-buy-24361-quantityForm-submit"><!--[if IE]><input type=IEbug disabled style="display:none"><![endif]-->
</form>

        </div>
</div>
                <p class="product-incart-info accessible">Produkt nemáte v košíku</p>


        </div>

        
    </div>
    <div id="product-append-24342" class="product-item">
        <div class="product-item-flags">
        </div>
        <div class="product-item-image">
                <a data-href="/delikatesy?productWidget-widgetCarousel-9-id=24342&amp;do=productWidget-widgetCarousel-9-modal"
                   data-target="productWidget-widgetCarousel-9-productModal"
                   data-product-id="24342"
                   data-product-price="194.9"
                   data-page-title="Lindt Luxusní Pralinky Gold 120g"
                   data-page-path="/produkt/24342-lindt-luxusni-pralinky-gold-120g"
                   data-user-id=""
                   aria-hidden="true"
                   data-kosikmodal-onclose="onProductModalDestroy"
                   onclick="kosikAjax.click(this, initModalCarousel(this))">
                    <img src="https://cdn.kosik.cz/content/product/jpg/list/placeholder.jpg" data-src="https://cdn.kosik.cz/content/product/jpg/list/41587.jpg" alt="Lindt Luxusní Pralinky Gold 120g" class="loading-images loading-image">
                </a>




        </div>
                <div class="product-item-info">
                <h5><a href="javascript:void(0)" aria-label="Lindt Luxusní Pralinky Gold 120g" data-href="/delikatesy?productWidget-widgetCarousel-9-id=24342&amp;do=productWidget-widgetCarousel-9-modal" class="product-name modal-link"
                   data-target="productWidget-widgetCarousel-9-productModal" onclick="kosikAjax.click(this, initModalCarousel(this))">
                    Lindt Luxusní Pralinky Gold 120g
                    
                </a></h5>
            <p class="product-item-price ">
                <span class="price-before-discount">
				</span>
                <strong class="price">194,90 Kč</strong>

            </p>
            <p class="product-item-unit">
                    (<strong class="price">1 624,20 Kč</strong> / kg)
            </p>
                        <div class="product-list-rating">
            </div>
<div id="snippet-productWidget-widgetCarousel-9-buy-24342-quantity">        <div class="product-quantity-control">
            <form action="/delikatesy" method="post" class="ajax" id="frm-productWidget-widgetCarousel-9-buy-24342-quantityForm">
                <input type="text" name="quantity" size="3" id="frm-productWidget-widgetCarousel-9-buy-24342-quantityForm-quantity" data-nette-rules='[{"op":":integer","msg":"Množství musí být číslo."}]' value="1" aria-label="počet k přidání">
                <input type="submit" name="_submit" value="Přidat" class="product-quantity-control-submit plus" aria-label="přidat počet do košíku">
            <input type="hidden" name="do" value="productWidget-widgetCarousel-9-buy-24342-quantityForm-submit"><!--[if IE]><input type=IEbug disabled style="display:none"><![endif]-->
</form>

        </div>
</div>
                <p class="product-incart-info accessible">Produkt nemáte v košíku</p>


        </div>

        
    </div>
    <div id="product-append-22574" class="product-item">
        <div class="product-item-flags">
        </div>
        <div class="product-item-image">
                <a data-href="/delikatesy?productWidget-widgetCarousel-9-id=22574&amp;do=productWidget-widgetCarousel-9-modal"
                   data-target="productWidget-widgetCarousel-9-productModal"
                   data-product-id="22574"
                   data-product-price="149.9"
                   data-page-title="Viktor Schmidt Mozartovy koule 264g"
                   data-page-path="/produkt/22574-viktor-schmidt-mozartovy-koule-264g"
                   data-user-id=""
                   aria-hidden="true"
                   data-kosikmodal-onclose="onProductModalDestroy"
                   onclick="kosikAjax.click(this, initModalCarousel(this))">
                    <img src="https://cdn.kosik.cz/content/product/jpg/list/placeholder.jpg" data-src="https://cdn.kosik.cz/content/product/jpg/list/39823.jpg" alt="Viktor Schmidt Mozartovy koule 264g" class="loading-images loading-image">
                </a>




        </div>
                <div class="product-item-info">
                <h5><a href="javascript:void(0)" aria-label="Viktor Schmidt Mozartovy koule 264g" data-href="/delikatesy?productWidget-widgetCarousel-9-id=22574&amp;do=productWidget-widgetCarousel-9-modal" class="product-name modal-link"
                   data-target="productWidget-widgetCarousel-9-productModal" onclick="kosikAjax.click(this, initModalCarousel(this))">
                    Viktor Schmidt Mozartovy koule 264g
                    
                </a></h5>
            <p class="product-item-price ">
                <span class="price-before-discount">
				</span>
                <strong class="price">149,90 Kč</strong>

            </p>
            <p class="product-item-unit">
                    (<strong class="price">567,80 Kč</strong> / kg)
            </p>
                        <div class="product-list-rating">
            </div>
<div id="snippet-productWidget-widgetCarousel-9-buy-22574-quantity">        <div class="product-quantity-control">
            <form action="/delikatesy" method="post" class="ajax" id="frm-productWidget-widgetCarousel-9-buy-22574-quantityForm">
                <input type="text" name="quantity" size="3" id="frm-productWidget-widgetCarousel-9-buy-22574-quantityForm-quantity" data-nette-rules='[{"op":":integer","msg":"Množství musí být číslo."}]' value="1" aria-label="počet k přidání">
                <input type="submit" name="_submit" value="Přidat" class="product-quantity-control-submit plus" aria-label="přidat počet do košíku">
            <input type="hidden" name="do" value="productWidget-widgetCarousel-9-buy-22574-quantityForm-submit"><!--[if IE]><input type=IEbug disabled style="display:none"><![endif]-->
</form>

        </div>
</div>
                <p class="product-incart-info accessible">Produkt nemáte v košíku</p>


        </div>

        
    </div>
    <div id="product-append-8073" class="product-item">
        <div class="product-item-flags">
        </div>
        <div class="product-item-image">
                <a data-href="/delikatesy?productWidget-widgetCarousel-9-id=8073&amp;do=productWidget-widgetCarousel-9-modal"
                   data-target="productWidget-widgetCarousel-9-productModal"
                   data-product-id="8073"
                   data-product-price="103.9"
                   data-page-title="Belgian Čokoládová bonboniera Mořské plody 250g"
                   data-page-path="/produkt/8073-belgian-cokoladova-bonboniera-morske-plody-250g"
                   data-user-id=""
                   aria-hidden="true"
                   data-kosikmodal-onclose="onProductModalDestroy"
                   onclick="kosikAjax.click(this, initModalCarousel(this))">
                    <img src="https://cdn.kosik.cz/content/product/jpg/list/placeholder.jpg" data-src="https://cdn.kosik.cz/content/product/jpg/list/15455.jpg" alt="Belgian Čokoládová bonboniera Mořské plody 250g" class="loading-images loading-image">
                </a>




        </div>
                <div class="product-item-info">
                <h5><a href="javascript:void(0)" aria-label="Belgian Čokoládová bonboniera Mořské plody 250g" data-href="/delikatesy?productWidget-widgetCarousel-9-id=8073&amp;do=productWidget-widgetCarousel-9-modal" class="product-name modal-link"
                   data-target="productWidget-widgetCarousel-9-productModal" onclick="kosikAjax.click(this, initModalCarousel(this))">
                    Belgian Čokoládová bonboniera Mořské plody 250g
                    
                </a></h5>
            <p class="product-item-price ">
                <span class="price-before-discount">
				</span>
                <strong class="price">103,90 Kč</strong>

            </p>
            <p class="product-item-unit">
                    (<strong class="price">415,60 Kč</strong> / kg)
            </p>
                        <div class="product-list-rating">
            </div>
<div id="snippet-productWidget-widgetCarousel-9-buy-8073-quantity">        <div class="product-quantity-control">
            <form action="/delikatesy" method="post" class="ajax" id="frm-productWidget-widgetCarousel-9-buy-8073-quantityForm">
                <input type="text" name="quantity" size="3" id="frm-productWidget-widgetCarousel-9-buy-8073-quantityForm-quantity" data-nette-rules='[{"op":":integer","msg":"Množství musí být číslo."}]' value="1" aria-label="počet k přidání">
                <input type="submit" name="_submit" value="Přidat" class="product-quantity-control-submit plus" aria-label="přidat počet do košíku">
            <input type="hidden" name="do" value="productWidget-widgetCarousel-9-buy-8073-quantityForm-submit"><!--[if IE]><input type=IEbug disabled style="display:none"><![endif]-->
</form>

        </div>
</div>
                <p class="product-incart-info accessible">Produkt nemáte v košíku</p>


        </div>

        
    </div>
    <div id="product-append-24333" class="product-item">
        <div class="product-item-flags">
            <div class="flag-sale ">
                <span class="percents">17<small>&#37;</small></span>
            </div>
        </div>
        <div class="product-item-image">
                <a data-href="/delikatesy?productWidget-widgetCarousel-9-id=24333&amp;do=productWidget-widgetCarousel-9-modal"
                   data-target="productWidget-widgetCarousel-9-productModal"
                   data-product-id="24333"
                   data-product-price="289.9"
                   data-page-title="Lindt Pralinés Noir směs bonbónů 200g"
                   data-page-path="/produkt/24333-lindt-pralines-noir-smes-bonbonu-200g"
                   data-user-id=""
                   aria-hidden="true"
                   data-kosikmodal-onclose="onProductModalDestroy"
                   onclick="kosikAjax.click(this, initModalCarousel(this))">
                    <img src="https://cdn.kosik.cz/content/product/jpg/list/placeholder.jpg" data-src="https://cdn.kosik.cz/content/product/jpg/list/41578.jpg" alt="Lindt Pralinés Noir směs bonbónů 200g" class="loading-images loading-image">
                </a>




        </div>
                <div class="product-item-info">
                <h5><a href="javascript:void(0)" aria-label="Lindt Pralinés Noir směs bonbónů 200g" data-href="/delikatesy?productWidget-widgetCarousel-9-id=24333&amp;do=productWidget-widgetCarousel-9-modal" class="product-name modal-link"
                   data-target="productWidget-widgetCarousel-9-productModal" onclick="kosikAjax.click(this, initModalCarousel(this))">
                    Lindt Pralinés Noir směs bonbónů 200g
                    
                </a></h5>
            <p class="product-item-price product-in-discount">
                <span class="price-before-discount">
					<span><strong class="price">289,90 Kč</strong></span>
				</span>
                <strong class="price">239,90 Kč</strong>

            </p>
            <p class="product-item-unit">
                    (<strong class="price">1 199,50 Kč</strong> / kg)
            </p>
                        <div class="product-list-rating">
            </div>
<div id="snippet-productWidget-widgetCarousel-9-buy-24333-quantity">        <div class="product-quantity-control">
            <form action="/delikatesy" method="post" class="ajax" id="frm-productWidget-widgetCarousel-9-buy-24333-quantityForm">
                <input type="text" name="quantity" size="3" id="frm-productWidget-widgetCarousel-9-buy-24333-quantityForm-quantity" data-nette-rules='[{"op":":integer","msg":"Množství musí být číslo."}]' value="1" aria-label="počet k přidání">
                <input type="submit" name="_submit" value="Přidat" class="product-quantity-control-submit plus" aria-label="přidat počet do košíku">
            <input type="hidden" name="do" value="productWidget-widgetCarousel-9-buy-24333-quantityForm-submit"><!--[if IE]><input type=IEbug disabled style="display:none"><![endif]-->
</form>

        </div>
</div>
                <p class="product-incart-info accessible">Produkt nemáte v košíku</p>


        </div>

        
    </div>
    <div id="product-append-36366" class="product-item">
        <div class="product-item-flags">
        </div>
        <div class="product-item-image">
                <a data-href="/delikatesy?productWidget-widgetCarousel-9-id=36366&amp;do=productWidget-widgetCarousel-9-modal"
                   data-target="productWidget-widgetCarousel-9-productModal"
                   data-product-id="36366"
                   data-product-price="79.9"
                   data-page-title="Green Dream Bio Bílá čokoláda 32% 100g"
                   data-page-path="/produkt/36366-green-dream-bio-bila-cokolada-32-100g"
                   data-user-id=""
                   aria-hidden="true"
                   data-kosikmodal-onclose="onProductModalDestroy"
                   onclick="kosikAjax.click(this, initModalCarousel(this))">
                    <img src="https://cdn.kosik.cz/content/product/jpg/list/placeholder.jpg" data-src="https://cdn.kosik.cz/content/product/jpg/list/53943.jpg" alt="Green Dream Bio Bílá čokoláda 32% 100g" class="loading-images loading-image">
                </a>




        </div>
                <div class="product-item-info">
                <h5><a href="javascript:void(0)" aria-label="Green Dream Bio Bílá čokoláda 32% 100g" data-href="/delikatesy?productWidget-widgetCarousel-9-id=36366&amp;do=productWidget-widgetCarousel-9-modal" class="product-name modal-link"
                   data-target="productWidget-widgetCarousel-9-productModal" onclick="kosikAjax.click(this, initModalCarousel(this))">
                    Green Dream Bio Bílá čokoláda 32% 100g
                    
                </a></h5>
            <p class="product-item-price ">
                <span class="price-before-discount">
				</span>
                <strong class="price">79,90 Kč</strong>

            </p>
            <p class="product-item-unit">
                    (<strong class="price">799,00 Kč</strong> / kg)
            </p>
                        <div class="product-list-rating">
            </div>
<div id="snippet-productWidget-widgetCarousel-9-buy-36366-quantity">        <div class="product-quantity-control">
            <form action="/delikatesy" method="post" class="ajax" id="frm-productWidget-widgetCarousel-9-buy-36366-quantityForm">
                <input type="text" name="quantity" size="3" id="frm-productWidget-widgetCarousel-9-buy-36366-quantityForm-quantity" data-nette-rules='[{"op":":integer","msg":"Množství musí být číslo."}]' value="1" aria-label="počet k přidání">
                <input type="submit" name="_submit" value="Přidat" class="product-quantity-control-submit plus" aria-label="přidat počet do košíku">
            <input type="hidden" name="do" value="productWidget-widgetCarousel-9-buy-36366-quantityForm-submit"><!--[if IE]><input type=IEbug disabled style="display:none"><![endif]-->
</form>

        </div>
</div>
                <p class="product-incart-info accessible">Produkt nemáte v košíku</p>


        </div>

        
    </div>
    <div id="product-append-18019" class="product-item">
        <div class="product-item-flags">
            <div class="flag-sale ">
                <span class="percents">14<small>&#37;</small></span>
            </div>
        </div>
        <div class="product-item-image">
                <a data-href="/delikatesy?productWidget-widgetCarousel-9-id=18019&amp;do=productWidget-widgetCarousel-9-modal"
                   data-target="productWidget-widgetCarousel-9-productModal"
                   data-product-id="18019"
                   data-product-price="69.9"
                   data-page-title="Vivani Hořká čokoláda s brusinkami BIO 100g"
                   data-page-path="/produkt/18019-vivani-horka-cokolada-s-brusinkami-bio-100g"
                   data-user-id=""
                   aria-hidden="true"
                   data-kosikmodal-onclose="onProductModalDestroy"
                   onclick="kosikAjax.click(this, initModalCarousel(this))">
                    <img src="https://cdn.kosik.cz/content/product/jpg/list/placeholder.jpg" data-src="https://cdn.kosik.cz/content/product/jpg/list/35275.jpg" alt="Vivani Hořká čokoláda s brusinkami BIO 100g" class="loading-images loading-image">
                </a>




        </div>
                <div class="product-item-info">
                <h5><a href="javascript:void(0)" aria-label="Vivani Hořká čokoláda s brusinkami BIO 100g" data-href="/delikatesy?productWidget-widgetCarousel-9-id=18019&amp;do=productWidget-widgetCarousel-9-modal" class="product-name modal-link"
                   data-target="productWidget-widgetCarousel-9-productModal" onclick="kosikAjax.click(this, initModalCarousel(this))">
                    Vivani Hořká čokoláda s brusinkami BIO 100g
                    
                </a></h5>
            <p class="product-item-price product-in-discount">
                <span class="price-before-discount">
					<span><strong class="price">69,90 Kč</strong></span>
				</span>
                <strong class="price">59,90 Kč</strong>

            </p>
            <p class="product-item-unit">
                    (<strong class="price">0,60 Kč</strong> / kg)
            </p>
                        <div class="product-list-rating">
            </div>
<div id="snippet-productWidget-widgetCarousel-9-buy-18019-quantity">        <div class="product-quantity-control">
            <form action="/delikatesy" method="post" class="ajax" id="frm-productWidget-widgetCarousel-9-buy-18019-quantityForm">
                <input type="text" name="quantity" size="3" id="frm-productWidget-widgetCarousel-9-buy-18019-quantityForm-quantity" data-nette-rules='[{"op":":integer","msg":"Množství musí být číslo."}]' value="1" aria-label="počet k přidání">
                <input type="submit" name="_submit" value="Přidat" class="product-quantity-control-submit plus" aria-label="přidat počet do košíku">
            <input type="hidden" name="do" value="productWidget-widgetCarousel-9-buy-18019-quantityForm-submit"><!--[if IE]><input type=IEbug disabled style="display:none"><![endif]-->
</form>

        </div>
</div>
                <p class="product-incart-info accessible">Produkt nemáte v košíku</p>


        </div>

        
    </div>
    <div id="product-append-36372" class="product-item">
        <div class="product-item-flags">
        </div>
        <div class="product-item-image">
                <a data-href="/delikatesy?productWidget-widgetCarousel-9-id=36372&amp;do=productWidget-widgetCarousel-9-modal"
                   data-target="productWidget-widgetCarousel-9-productModal"
                   data-product-id="36372"
                   data-product-price="79.9"
                   data-page-title="Green Dream Bio Hořká čokoláda Peru a Dominikánská republika 85% 100g"
                   data-page-path="/produkt/36372-green-dream-bio-horka-cokolada-peru-a-dominikanska-republika-85-100g"
                   data-user-id=""
                   aria-hidden="true"
                   data-kosikmodal-onclose="onProductModalDestroy"
                   onclick="kosikAjax.click(this, initModalCarousel(this))">
                    <img src="https://cdn.kosik.cz/content/product/jpg/list/placeholder.jpg" data-src="https://cdn.kosik.cz/content/product/jpg/list/53949.jpg" alt="Green Dream Bio Hořká čokoláda Peru a Dominikánská republika 85% 100g" class="loading-images loading-image">
                </a>




        </div>
                <div class="product-item-info">
                <h5><a href="javascript:void(0)" aria-label="Green Dream Bio Hořká čokoláda Peru a Dominikánská republika 85% 100g" data-href="/delikatesy?productWidget-widgetCarousel-9-id=36372&amp;do=productWidget-widgetCarousel-9-modal" class="product-name modal-link"
                   data-target="productWidget-widgetCarousel-9-productModal" onclick="kosikAjax.click(this, initModalCarousel(this))">
                    Green Dream Bio Hořká čokoláda Peru a Dominikánská republika 85% 100g
                    
                </a></h5>
            <p class="product-item-price ">
                <span class="price-before-discount">
				</span>
                <strong class="price">79,90 Kč</strong>

            </p>
            <p class="product-item-unit">
                    (<strong class="price">799,00 Kč</strong> / kg)
            </p>
                        <div class="product-list-rating">
            </div>
<div id="snippet-productWidget-widgetCarousel-9-buy-36372-quantity">        <div class="product-quantity-control">
            <form action="/delikatesy" method="post" class="ajax" id="frm-productWidget-widgetCarousel-9-buy-36372-quantityForm">
                <input type="text" name="quantity" size="3" id="frm-productWidget-widgetCarousel-9-buy-36372-quantityForm-quantity" data-nette-rules='[{"op":":integer","msg":"Množství musí být číslo."}]' value="1" aria-label="počet k přidání">
                <input type="submit" name="_submit" value="Přidat" class="product-quantity-control-submit plus" aria-label="přidat počet do košíku">
            <input type="hidden" name="do" value="productWidget-widgetCarousel-9-buy-36372-quantityForm-submit"><!--[if IE]><input type=IEbug disabled style="display:none"><![endif]-->
</form>

        </div>
</div>
                <p class="product-incart-info accessible">Produkt nemáte v košíku</p>


        </div>

        
    </div>
    <div id="product-append-36369" class="product-item">
        <div class="product-item-flags">
        </div>
        <div class="product-item-image">
                <a data-href="/delikatesy?productWidget-widgetCarousel-9-id=36369&amp;do=productWidget-widgetCarousel-9-modal"
                   data-target="productWidget-widgetCarousel-9-productModal"
                   data-product-id="36369"
                   data-product-price="79.9"
                   data-page-title="Green Dream Bio Hořká čokoláda s pomerančem 72% 100g"
                   data-page-path="/produkt/36369-green-dream-bio-horka-cokolada-s-pomerancem-72-100g"
                   data-user-id=""
                   aria-hidden="true"
                   data-kosikmodal-onclose="onProductModalDestroy"
                   onclick="kosikAjax.click(this, initModalCarousel(this))">
                    <img src="https://cdn.kosik.cz/content/product/jpg/list/placeholder.jpg" data-src="https://cdn.kosik.cz/content/product/jpg/list/53946.jpg" alt="Green Dream Bio Hořká čokoláda s pomerančem 72% 100g" class="loading-images loading-image">
                </a>




        </div>
                <div class="product-item-info">
                <h5><a href="javascript:void(0)" aria-label="Green Dream Bio Hořká čokoláda s pomerančem 72% 100g" data-href="/delikatesy?productWidget-widgetCarousel-9-id=36369&amp;do=productWidget-widgetCarousel-9-modal" class="product-name modal-link"
                   data-target="productWidget-widgetCarousel-9-productModal" onclick="kosikAjax.click(this, initModalCarousel(this))">
                    Green Dream Bio Hořká čokoláda s pomerančem 72% 100g
                    
                </a></h5>
            <p class="product-item-price ">
                <span class="price-before-discount">
				</span>
                <strong class="price">79,90 Kč</strong>

            </p>
            <p class="product-item-unit">
                    (<strong class="price">799,00 Kč</strong> / kg)
            </p>
                        <div class="product-list-rating">
            </div>
<div id="snippet-productWidget-widgetCarousel-9-buy-36369-quantity">        <div class="product-quantity-control">
            <form action="/delikatesy" method="post" class="ajax" id="frm-productWidget-widgetCarousel-9-buy-36369-quantityForm">
                <input type="text" name="quantity" size="3" id="frm-productWidget-widgetCarousel-9-buy-36369-quantityForm-quantity" data-nette-rules='[{"op":":integer","msg":"Množství musí být číslo."}]' value="1" aria-label="počet k přidání">
                <input type="submit" name="_submit" value="Přidat" class="product-quantity-control-submit plus" aria-label="přidat počet do košíku">
            <input type="hidden" name="do" value="productWidget-widgetCarousel-9-buy-36369-quantityForm-submit"><!--[if IE]><input type=IEbug disabled style="display:none"><![endif]-->
</form>

        </div>
</div>
                <p class="product-incart-info accessible">Produkt nemáte v košíku</p>


        </div>

        
    </div>
    <div id="product-append-36370" class="product-item">
        <div class="product-item-flags">
        </div>
        <div class="product-item-image">
                <a data-href="/delikatesy?productWidget-widgetCarousel-9-id=36370&amp;do=productWidget-widgetCarousel-9-modal"
                   data-target="productWidget-widgetCarousel-9-productModal"
                   data-product-id="36370"
                   data-product-price="79.9"
                   data-page-title="Green Dream Bio Hořká čokoláda 74% 100g"
                   data-page-path="/produkt/36370-green-dream-bio-horka-cokolada-74-100g"
                   data-user-id=""
                   aria-hidden="true"
                   data-kosikmodal-onclose="onProductModalDestroy"
                   onclick="kosikAjax.click(this, initModalCarousel(this))">
                    <img src="https://cdn.kosik.cz/content/product/jpg/list/placeholder.jpg" data-src="https://cdn.kosik.cz/content/product/jpg/list/53947.jpg" alt="Green Dream Bio Hořká čokoláda 74% 100g" class="loading-images loading-image">
                </a>




        </div>
                <div class="product-item-info">
                <h5><a href="javascript:void(0)" aria-label="Green Dream Bio Hořká čokoláda 74% 100g" data-href="/delikatesy?productWidget-widgetCarousel-9-id=36370&amp;do=productWidget-widgetCarousel-9-modal" class="product-name modal-link"
                   data-target="productWidget-widgetCarousel-9-productModal" onclick="kosikAjax.click(this, initModalCarousel(this))">
                    Green Dream Bio Hořká čokoláda 74% 100g
                    
                </a></h5>
            <p class="product-item-price ">
                <span class="price-before-discount">
				</span>
                <strong class="price">79,90 Kč</strong>

            </p>
            <p class="product-item-unit">
                    (<strong class="price">799,00 Kč</strong> / kg)
            </p>
                        <div class="product-list-rating">
            </div>
<div id="snippet-productWidget-widgetCarousel-9-buy-36370-quantity">        <div class="product-quantity-control">
            <form action="/delikatesy" method="post" class="ajax" id="frm-productWidget-widgetCarousel-9-buy-36370-quantityForm">
                <input type="text" name="quantity" size="3" id="frm-productWidget-widgetCarousel-9-buy-36370-quantityForm-quantity" data-nette-rules='[{"op":":integer","msg":"Množství musí být číslo."}]' value="1" aria-label="počet k přidání">
                <input type="submit" name="_submit" value="Přidat" class="product-quantity-control-submit plus" aria-label="přidat počet do košíku">
            <input type="hidden" name="do" value="productWidget-widgetCarousel-9-buy-36370-quantityForm-submit"><!--[if IE]><input type=IEbug disabled style="display:none"><![endif]-->
</form>

        </div>
</div>
                <p class="product-incart-info accessible">Produkt nemáte v košíku</p>


        </div>

        
    </div>
    <div id="product-append-21505" class="product-item">
        <div class="product-item-flags">
        </div>
        <div class="product-item-image">
                <a data-href="/delikatesy?productWidget-widgetCarousel-9-id=21505&amp;do=productWidget-widgetCarousel-9-modal"
                   data-target="productWidget-widgetCarousel-9-productModal"
                   data-product-id="21505"
                   data-product-price="74.9"
                   data-page-title="Green Dream Bio Mléčná čokoláda s karamelem a mořskou solí 85g"
                   data-page-path="/produkt/21505-green-dream-bio-mlecna-cokolada-s-karamelem-a-morskou-soli-85g"
                   data-user-id=""
                   aria-hidden="true"
                   data-kosikmodal-onclose="onProductModalDestroy"
                   onclick="kosikAjax.click(this, initModalCarousel(this))">
                    <img src="https://cdn.kosik.cz/content/product/jpg/list/placeholder.jpg" data-src="https://cdn.kosik.cz/content/product/jpg/list/38758.jpg" alt="Green Dream Bio Mléčná čokoláda s karamelem a mořskou solí 85g" class="loading-images loading-image">
                </a>




        </div>
                <div class="product-item-info">
                <h5><a href="javascript:void(0)" aria-label="Green Dream Bio Mléčná čokoláda s karamelem a mořskou solí 85g" data-href="/delikatesy?productWidget-widgetCarousel-9-id=21505&amp;do=productWidget-widgetCarousel-9-modal" class="product-name modal-link"
                   data-target="productWidget-widgetCarousel-9-productModal" onclick="kosikAjax.click(this, initModalCarousel(this))">
                    Green Dream Bio Mléčná čokoláda s karamelem a mořskou solí 85g
                    
                </a></h5>
            <p class="product-item-price ">
                <span class="price-before-discount">
				</span>
                <strong class="price">74,90 Kč</strong>

            </p>
            <p class="product-item-unit">
                    (<strong class="price">881,20 Kč</strong> / kg)
            </p>
                        <div class="product-list-rating">
            </div>
<div id="snippet-productWidget-widgetCarousel-9-buy-21505-quantity">        <div class="product-quantity-control">
            <form action="/delikatesy" method="post" class="ajax" id="frm-productWidget-widgetCarousel-9-buy-21505-quantityForm">
                <input type="text" name="quantity" size="3" id="frm-productWidget-widgetCarousel-9-buy-21505-quantityForm-quantity" data-nette-rules='[{"op":":integer","msg":"Množství musí být číslo."}]' value="1" aria-label="počet k přidání">
                <input type="submit" name="_submit" value="Přidat" class="product-quantity-control-submit plus" aria-label="přidat počet do košíku">
            <input type="hidden" name="do" value="productWidget-widgetCarousel-9-buy-21505-quantityForm-submit"><!--[if IE]><input type=IEbug disabled style="display:none"><![endif]-->
</form>

        </div>
</div>
                <p class="product-incart-info accessible">Produkt nemáte v košíku</p>


        </div>

        
    </div>
    <div id="product-append-21507" class="product-item">
        <div class="product-item-flags">
        </div>
        <div class="product-item-image">
                <a data-href="/delikatesy?productWidget-widgetCarousel-9-id=21507&amp;do=productWidget-widgetCarousel-9-modal"
                   data-target="productWidget-widgetCarousel-9-productModal"
                   data-product-id="21507"
                   data-product-price="72.9"
                   data-page-title="Green Dream Bio Mléčná čokoláda s karamelizovanými oříšky 100g"
                   data-page-path="/produkt/21507-green-dream-bio-mlecna-cokolada-s-karamelizovanymi-orisky-100g"
                   data-user-id=""
                   aria-hidden="true"
                   data-kosikmodal-onclose="onProductModalDestroy"
                   onclick="kosikAjax.click(this, initModalCarousel(this))">
                    <img src="https://cdn.kosik.cz/content/product/jpg/list/placeholder.jpg" data-src="https://cdn.kosik.cz/content/product/jpg/list/38760.jpg" alt="Green Dream Bio Mléčná čokoláda s karamelizovanými oříšky 100g" class="loading-images loading-image">
                </a>




        </div>
                <div class="product-item-info">
                <h5><a href="javascript:void(0)" aria-label="Green Dream Bio Mléčná čokoláda s karamelizovanými oříšky 100g" data-href="/delikatesy?productWidget-widgetCarousel-9-id=21507&amp;do=productWidget-widgetCarousel-9-modal" class="product-name modal-link"
                   data-target="productWidget-widgetCarousel-9-productModal" onclick="kosikAjax.click(this, initModalCarousel(this))">
                    Green Dream Bio Mléčná čokoláda s karamelizovanými oříšky 100g
                    
                </a></h5>
            <p class="product-item-price ">
                <span class="price-before-discount">
				</span>
                <strong class="price">72,90 Kč</strong>

            </p>
            <p class="product-item-unit">
                    (<strong class="price">729,00 Kč</strong> / kg)
            </p>
                        <div class="product-list-rating">
            </div>
<div id="snippet-productWidget-widgetCarousel-9-buy-21507-quantity">        <div class="product-quantity-control">
            <form action="/delikatesy" method="post" class="ajax" id="frm-productWidget-widgetCarousel-9-buy-21507-quantityForm">
                <input type="text" name="quantity" size="3" id="frm-productWidget-widgetCarousel-9-buy-21507-quantityForm-quantity" data-nette-rules='[{"op":":integer","msg":"Množství musí být číslo."}]' value="1" aria-label="počet k přidání">
                <input type="submit" name="_submit" value="Přidat" class="product-quantity-control-submit plus" aria-label="přidat počet do košíku">
            <input type="hidden" name="do" value="productWidget-widgetCarousel-9-buy-21507-quantityForm-submit"><!--[if IE]><input type=IEbug disabled style="display:none"><![endif]-->
</form>

        </div>
</div>
                <p class="product-incart-info accessible">Produkt nemáte v košíku</p>


        </div>

        
    </div>
    <div id="product-append-21514" class="product-item">
        <div class="product-item-flags">
        </div>
        <div class="product-item-image">
                <a data-href="/delikatesy?productWidget-widgetCarousel-9-id=21514&amp;do=productWidget-widgetCarousel-9-modal"
                   data-target="productWidget-widgetCarousel-9-productModal"
                   data-product-id="21514"
                   data-product-price="72.9"
                   data-page-title="Green Dream Bio Mléčná čokoláda s karamelizovanými mandlemi 100g"
                   data-page-path="/produkt/21514-green-dream-bio-mlecna-cokolada-s-karamelizovanymi-mandlemi-100g"
                   data-user-id=""
                   aria-hidden="true"
                   data-kosikmodal-onclose="onProductModalDestroy"
                   onclick="kosikAjax.click(this, initModalCarousel(this))">
                    <img src="https://cdn.kosik.cz/content/product/jpg/list/placeholder.jpg" data-src="https://cdn.kosik.cz/content/product/jpg/list/38767.jpg" alt="Green Dream Bio Mléčná čokoláda s karamelizovanými mandlemi 100g" class="loading-images loading-image">
                </a>




        </div>
                <div class="product-item-info">
                <h5><a href="javascript:void(0)" aria-label="Green Dream Bio Mléčná čokoláda s karamelizovanými mandlemi 100g" data-href="/delikatesy?productWidget-widgetCarousel-9-id=21514&amp;do=productWidget-widgetCarousel-9-modal" class="product-name modal-link"
                   data-target="productWidget-widgetCarousel-9-productModal" onclick="kosikAjax.click(this, initModalCarousel(this))">
                    Green Dream Bio Mléčná čokoláda s karamelizovanými mandlemi 100g
                    
                </a></h5>
            <p class="product-item-price ">
                <span class="price-before-discount">
				</span>
                <strong class="price">72,90 Kč</strong>

            </p>
            <p class="product-item-unit">
                    (<strong class="price">729,00 Kč</strong> / kg)
            </p>
                        <div class="product-list-rating">
            </div>
<div id="snippet-productWidget-widgetCarousel-9-buy-21514-quantity">        <div class="product-quantity-control">
            <form action="/delikatesy" method="post" class="ajax" id="frm-productWidget-widgetCarousel-9-buy-21514-quantityForm">
                <input type="text" name="quantity" size="3" id="frm-productWidget-widgetCarousel-9-buy-21514-quantityForm-quantity" data-nette-rules='[{"op":":integer","msg":"Množství musí být číslo."}]' value="1" aria-label="počet k přidání">
                <input type="submit" name="_submit" value="Přidat" class="product-quantity-control-submit plus" aria-label="přidat počet do košíku">
            <input type="hidden" name="do" value="productWidget-widgetCarousel-9-buy-21514-quantityForm-submit"><!--[if IE]><input type=IEbug disabled style="display:none"><![endif]-->
</form>

        </div>
</div>
                <p class="product-incart-info accessible">Produkt nemáte v košíku</p>


        </div>

        
    </div>
    <div id="product-append-21506" class="product-item">
        <div class="product-item-flags">
        </div>
        <div class="product-item-image">
                <a data-href="/delikatesy?productWidget-widgetCarousel-9-id=21506&amp;do=productWidget-widgetCarousel-9-modal"
                   data-target="productWidget-widgetCarousel-9-productModal"
                   data-product-id="21506"
                   data-product-price="74.9"
                   data-page-title="Green Dream BIO hořká čokoláda s třešněmi 85g"
                   data-page-path="/produkt/21506-green-dream-bio-horka-cokolada-s-tresnemi-85g"
                   data-user-id=""
                   aria-hidden="true"
                   data-kosikmodal-onclose="onProductModalDestroy"
                   onclick="kosikAjax.click(this, initModalCarousel(this))">
                    <img src="https://cdn.kosik.cz/content/product/jpg/list/placeholder.jpg" data-src="https://cdn.kosik.cz/content/product/jpg/list/38759.jpg" alt="Green Dream BIO hořká čokoláda s třešněmi 85g" class="loading-images loading-image">
                </a>




        </div>
                <div class="product-item-info">
                <h5><a href="javascript:void(0)" aria-label="Green Dream BIO hořká čokoláda s třešněmi 85g" data-href="/delikatesy?productWidget-widgetCarousel-9-id=21506&amp;do=productWidget-widgetCarousel-9-modal" class="product-name modal-link"
                   data-target="productWidget-widgetCarousel-9-productModal" onclick="kosikAjax.click(this, initModalCarousel(this))">
                    Green Dream BIO hořká čokoláda s třešněmi 85g
                    
                </a></h5>
            <p class="product-item-price ">
                <span class="price-before-discount">
				</span>
                <strong class="price">74,90 Kč</strong>

            </p>
            <p class="product-item-unit">
                    (<strong class="price">881,20 Kč</strong> / kg)
            </p>
                        <div class="product-list-rating">
            </div>
<div id="snippet-productWidget-widgetCarousel-9-buy-21506-quantity">        <div class="product-quantity-control">
            <form action="/delikatesy" method="post" class="ajax" id="frm-productWidget-widgetCarousel-9-buy-21506-quantityForm">
                <input type="text" name="quantity" size="3" id="frm-productWidget-widgetCarousel-9-buy-21506-quantityForm-quantity" data-nette-rules='[{"op":":integer","msg":"Množství musí být číslo."}]' value="1" aria-label="počet k přidání">
                <input type="submit" name="_submit" value="Přidat" class="product-quantity-control-submit plus" aria-label="přidat počet do košíku">
            <input type="hidden" name="do" value="productWidget-widgetCarousel-9-buy-21506-quantityForm-submit"><!--[if IE]><input type=IEbug disabled style="display:none"><![endif]-->
</form>

        </div>
</div>
                <p class="product-incart-info accessible">Produkt nemáte v košíku</p>


        </div>

        
    </div>
    <div id="product-append-36371" class="product-item">
        <div class="product-item-flags">
        </div>
        <div class="product-item-image">
                <a data-href="/delikatesy?productWidget-widgetCarousel-9-id=36371&amp;do=productWidget-widgetCarousel-9-modal"
                   data-target="productWidget-widgetCarousel-9-productModal"
                   data-product-id="36371"
                   data-product-price="79.9"
                   data-page-title="Green Dream Bio Hořká čokoláda Peru 80% 100g"
                   data-page-path="/produkt/36371-green-dream-bio-horka-cokolada-peru-80-100g"
                   data-user-id=""
                   aria-hidden="true"
                   data-kosikmodal-onclose="onProductModalDestroy"
                   onclick="kosikAjax.click(this, initModalCarousel(this))">
                    <img src="https://cdn.kosik.cz/content/product/jpg/list/placeholder.jpg" data-src="https://cdn.kosik.cz/content/product/jpg/list/53948.jpg" alt="Green Dream Bio Hořká čokoláda Peru 80% 100g" class="loading-images loading-image">
                </a>




        </div>
                <div class="product-item-info">
                <h5><a href="javascript:void(0)" aria-label="Green Dream Bio Hořká čokoláda Peru 80% 100g" data-href="/delikatesy?productWidget-widgetCarousel-9-id=36371&amp;do=productWidget-widgetCarousel-9-modal" class="product-name modal-link"
                   data-target="productWidget-widgetCarousel-9-productModal" onclick="kosikAjax.click(this, initModalCarousel(this))">
                    Green Dream Bio Hořká čokoláda Peru 80% 100g
                    
                </a></h5>
            <p class="product-item-price ">
                <span class="price-before-discount">
				</span>
                <strong class="price">79,90 Kč</strong>

            </p>
            <p class="product-item-unit">
                    (<strong class="price">799,00 Kč</strong> / kg)
            </p>
                        <div class="product-list-rating">
            </div>
<div id="snippet-productWidget-widgetCarousel-9-buy-36371-quantity">        <div class="product-quantity-control">
            <form action="/delikatesy" method="post" class="ajax" id="frm-productWidget-widgetCarousel-9-buy-36371-quantityForm">
                <input type="text" name="quantity" size="3" id="frm-productWidget-widgetCarousel-9-buy-36371-quantityForm-quantity" data-nette-rules='[{"op":":integer","msg":"Množství musí být číslo."}]' value="1" aria-label="počet k přidání">
                <input type="submit" name="_submit" value="Přidat" class="product-quantity-control-submit plus" aria-label="přidat počet do košíku">
            <input type="hidden" name="do" value="productWidget-widgetCarousel-9-buy-36371-quantityForm-submit"><!--[if IE]><input type=IEbug disabled style="display:none"><![endif]-->
</form>

        </div>
</div>
                <p class="product-incart-info accessible">Produkt nemáte v košíku</p>


        </div>

        
    </div>
</div>

<div class="kosik-modal-overlay product-modal" id="productWidget-widgetCarousel-9-productModal" role="dialog">
    <div class="kosik-modal-inner large super-scaled" id="snippet-productWidget-widgetCarousel-9-productModalArea">
    </div>
</div>


<div class="kosik-modal-overlay" id="productWidget-widgetCarousel-9-productSetModal" role="dialog">
    <div class="kosik-modal-inner large super-scaled" id="snippet-productWidget-widgetCarousel-9-productSetModalArea">
    </div>
</div>
			</div>
		</div>
		<div class="region region-carousel region-products no-aside product-widget">
			<div class="home-product-widget region-inner region-products-inner slick-carousel" data-open="3" data-close="4">
				<div class="block block-title">
					<h3>Těstoviny, luštěniny a rýže</h3>
				</div>
<script async>

    var onProductModalDestroy = function() {

    	var pageData = window.dataLayer[0];

        pageData["event"] = "ga.pageview";
        pageData["pagePath"] = window.location.pathname;
        pageData["pageTitle"] = window.document.title;

	    dataLayer.push(pageData);
    };
</script>
<div class="block block-product-items product-items" data-ajax-append="product-item" id="snippet-productWidget-widgetCarousel-10-productListArea">
    <div id="product-append-38884" class="product-item">
        <div class="product-item-flags">
        </div>
        <div class="product-item-image">
                <a data-href="/delikatesy?productWidget-widgetCarousel-10-id=38884&amp;do=productWidget-widgetCarousel-10-modal"
                   data-target="productWidget-widgetCarousel-10-productModal"
                   data-product-id="38884"
                   data-product-price="51.9"
                   data-page-title="Riso Scotti Carnaroli rýže 500g"
                   data-page-path="/produkt/38884-riso-scotti-carnaroli-ryze-500g"
                   data-user-id=""
                   aria-hidden="true"
                   data-kosikmodal-onclose="onProductModalDestroy"
                   onclick="kosikAjax.click(this, initModalCarousel(this))">
                    <img src="https://cdn.kosik.cz/content/product/jpg/list/placeholder.jpg" data-src="https://cdn.kosik.cz/content/product/jpg/list/56601.jpg" alt="Riso Scotti Carnaroli rýže 500g" class="loading-images loading-image">
                </a>




        </div>
                <div class="product-item-info">
                <h5><a href="javascript:void(0)" aria-label="Riso Scotti Carnaroli rýže 500g" data-href="/delikatesy?productWidget-widgetCarousel-10-id=38884&amp;do=productWidget-widgetCarousel-10-modal" class="product-name modal-link"
                   data-target="productWidget-widgetCarousel-10-productModal" onclick="kosikAjax.click(this, initModalCarousel(this))">
                    Riso Scotti Carnaroli rýže 500g
                    
                </a></h5>
            <p class="product-item-price ">
                <span class="price-before-discount">
				</span>
                <strong class="price">51,90 Kč</strong>

            </p>
            <p class="product-item-unit">
                    (<strong class="price">103,80 Kč</strong> / Kg)
            </p>
                        <div class="product-list-rating">
            </div>
<div id="snippet-productWidget-widgetCarousel-10-buy-38884-quantity">        <div class="product-quantity-control">
            <form action="/delikatesy" method="post" class="ajax" id="frm-productWidget-widgetCarousel-10-buy-38884-quantityForm">
                <input type="text" name="quantity" size="3" id="frm-productWidget-widgetCarousel-10-buy-38884-quantityForm-quantity" data-nette-rules='[{"op":":integer","msg":"Množství musí být číslo."}]' value="1" aria-label="počet k přidání">
                <input type="submit" name="_submit" value="Přidat" class="product-quantity-control-submit plus" aria-label="přidat počet do košíku">
            <input type="hidden" name="do" value="productWidget-widgetCarousel-10-buy-38884-quantityForm-submit"><!--[if IE]><input type=IEbug disabled style="display:none"><![endif]-->
</form>

        </div>
</div>
                <p class="product-incart-info accessible">Produkt nemáte v košíku</p>


        </div>

        
    </div>
    <div id="product-append-31394" class="product-item">
        <div class="product-item-flags">
        </div>
        <div class="product-item-image">
                <a data-href="/delikatesy?productWidget-widgetCarousel-10-id=31394&amp;do=productWidget-widgetCarousel-10-modal"
                   data-target="productWidget-widgetCarousel-10-productModal"
                   data-product-id="31394"
                   data-product-price="112.9"
                   data-page-title="Itakomachi Rýže suši  1kg"
                   data-page-path="/produkt/31394-itakomachi-ryze-susi-1kg"
                   data-user-id=""
                   aria-hidden="true"
                   data-kosikmodal-onclose="onProductModalDestroy"
                   onclick="kosikAjax.click(this, initModalCarousel(this))">
                    <img src="https://cdn.kosik.cz/content/product/jpg/list/placeholder.jpg" data-src="https://cdn.kosik.cz/content/product/jpg/list/48818.jpg" alt="Itakomachi Rýže suši  1kg" class="loading-images loading-image">
                </a>




        </div>
                <div class="product-item-info">
                <h5><a href="javascript:void(0)" aria-label="Itakomachi Rýže suši  1kg" data-href="/delikatesy?productWidget-widgetCarousel-10-id=31394&amp;do=productWidget-widgetCarousel-10-modal" class="product-name modal-link"
                   data-target="productWidget-widgetCarousel-10-productModal" onclick="kosikAjax.click(this, initModalCarousel(this))">
                    Itakomachi Rýže suši  1kg
                    
                </a></h5>
            <p class="product-item-price ">
                <span class="price-before-discount">
				</span>
                <strong class="price">112,90 Kč</strong>

            </p>
            <p class="product-item-unit">
                    (<strong class="price">18,80 Kč</strong> / kg)
            </p>
                        <div class="product-list-rating">
            </div>
<div id="snippet-productWidget-widgetCarousel-10-buy-31394-quantity">        <div class="product-quantity-control">
            <form action="/delikatesy" method="post" class="ajax" id="frm-productWidget-widgetCarousel-10-buy-31394-quantityForm">
                <input type="text" name="quantity" size="3" id="frm-productWidget-widgetCarousel-10-buy-31394-quantityForm-quantity" data-nette-rules='[{"op":":integer","msg":"Množství musí být číslo."}]' value="1" aria-label="počet k přidání">
                <input type="submit" name="_submit" value="Přidat" class="product-quantity-control-submit plus" aria-label="přidat počet do košíku">
            <input type="hidden" name="do" value="productWidget-widgetCarousel-10-buy-31394-quantityForm-submit"><!--[if IE]><input type=IEbug disabled style="display:none"><![endif]-->
</form>

        </div>
</div>
                <p class="product-incart-info accessible">Produkt nemáte v košíku</p>


        </div>

        
    </div>
    <div id="product-append-42204" class="product-item">
        <div class="product-item-flags">
            <div class="flag-sale ">
                <span class="percents">30<small>&#37;</small></span>
            </div>
        </div>
        <div class="product-item-image">
                <a data-href="/delikatesy?productWidget-widgetCarousel-10-id=42204&amp;do=productWidget-widgetCarousel-10-modal"
                   data-target="productWidget-widgetCarousel-10-productModal"
                   data-product-id="42204"
                   data-product-price="54.9"
                   data-page-title="Rummo Penne Rigate 500g"
                   data-page-path="/produkt/42204-rummo-penne-rigate-500g"
                   data-user-id=""
                   aria-hidden="true"
                   data-kosikmodal-onclose="onProductModalDestroy"
                   onclick="kosikAjax.click(this, initModalCarousel(this))">
                    <img src="https://cdn.kosik.cz/content/product/jpg/list/placeholder.jpg" data-src="https://cdn.kosik.cz/content/product/jpg/list/59921.jpg" alt="Rummo Penne Rigate 500g" class="loading-images loading-image">
                </a>




        </div>
                <div class="product-item-info">
                <h5><a href="javascript:void(0)" aria-label="Rummo Penne Rigate 500g" data-href="/delikatesy?productWidget-widgetCarousel-10-id=42204&amp;do=productWidget-widgetCarousel-10-modal" class="product-name modal-link"
                   data-target="productWidget-widgetCarousel-10-productModal" onclick="kosikAjax.click(this, initModalCarousel(this))">
                    Rummo Penne Rigate 500g
                    
                </a></h5>
            <p class="product-item-price product-in-discount">
                <span class="price-before-discount">
					<span><strong class="price">54,90 Kč</strong></span>
				</span>
                <strong class="price">38,50 Kč</strong>

            </p>
            <p class="product-item-unit">
                    (<strong class="price">77,00 Kč</strong> / Kg)
            </p>
                        <div class="product-list-rating">
            </div>
<div id="snippet-productWidget-widgetCarousel-10-buy-42204-quantity">        <div class="product-quantity-control">
            <form action="/delikatesy" method="post" class="ajax" id="frm-productWidget-widgetCarousel-10-buy-42204-quantityForm">
                <input type="text" name="quantity" size="3" id="frm-productWidget-widgetCarousel-10-buy-42204-quantityForm-quantity" data-nette-rules='[{"op":":integer","msg":"Množství musí být číslo."}]' value="1" aria-label="počet k přidání">
                <input type="submit" name="_submit" value="Přidat" class="product-quantity-control-submit plus" aria-label="přidat počet do košíku">
            <input type="hidden" name="do" value="productWidget-widgetCarousel-10-buy-42204-quantityForm-submit"><!--[if IE]><input type=IEbug disabled style="display:none"><![endif]-->
</form>

        </div>
</div>
                <p class="product-incart-info accessible">Produkt nemáte v košíku</p>


        </div>

        
    </div>
    <div id="product-append-12354" class="product-item">
        <div class="product-item-flags">
        </div>
        <div class="product-item-image">
                <a data-href="/delikatesy?productWidget-widgetCarousel-10-id=12354&amp;do=productWidget-widgetCarousel-10-modal"
                   data-target="productWidget-widgetCarousel-10-productModal"
                   data-product-id="12354"
                   data-product-price="69.9"
                   data-page-title="Itasan Rýže sushi 500g"
                   data-page-path="/produkt/12354-itasan-ryze-sushi-500g"
                   data-user-id=""
                   aria-hidden="true"
                   data-kosikmodal-onclose="onProductModalDestroy"
                   onclick="kosikAjax.click(this, initModalCarousel(this))">
                    <img src="https://cdn.kosik.cz/content/product/jpg/list/placeholder.jpg" data-src="https://cdn.kosik.cz/content/product/jpg/list/29624.jpg" alt="Itasan Rýže sushi 500g" class="loading-images loading-image">
                </a>




        </div>
                <div class="product-item-info">
                <h5><a href="javascript:void(0)" aria-label="Itasan Rýže sushi 500g" data-href="/delikatesy?productWidget-widgetCarousel-10-id=12354&amp;do=productWidget-widgetCarousel-10-modal" class="product-name modal-link"
                   data-target="productWidget-widgetCarousel-10-productModal" onclick="kosikAjax.click(this, initModalCarousel(this))">
                    Itasan Rýže sushi 500g
                    
                </a></h5>
            <p class="product-item-price ">
                <span class="price-before-discount">
				</span>
                <strong class="price">69,90 Kč</strong>

            </p>
            <p class="product-item-unit">
                    (<strong class="price">139,80 Kč</strong> / kg)
            </p>
                        <div class="product-list-rating">
            </div>
<div id="snippet-productWidget-widgetCarousel-10-buy-12354-quantity">        <div class="product-quantity-control">
            <form action="/delikatesy" method="post" class="ajax" id="frm-productWidget-widgetCarousel-10-buy-12354-quantityForm">
                <input type="text" name="quantity" size="3" id="frm-productWidget-widgetCarousel-10-buy-12354-quantityForm-quantity" data-nette-rules='[{"op":":integer","msg":"Množství musí být číslo."}]' value="1" aria-label="počet k přidání">
                <input type="submit" name="_submit" value="Přidat" class="product-quantity-control-submit plus" aria-label="přidat počet do košíku">
            <input type="hidden" name="do" value="productWidget-widgetCarousel-10-buy-12354-quantityForm-submit"><!--[if IE]><input type=IEbug disabled style="display:none"><![endif]-->
</form>

        </div>
</div>
                <p class="product-incart-info accessible">Produkt nemáte v košíku</p>


        </div>

        
    </div>
    <div id="product-append-8899" class="product-item">
        <div class="product-item-flags">
        </div>
        <div class="product-item-image">
                <a data-href="/delikatesy?productWidget-widgetCarousel-10-id=8899&amp;do=productWidget-widgetCarousel-10-modal"
                   data-target="productWidget-widgetCarousel-10-productModal"
                   data-product-id="8899"
                   data-product-price="75.9"
                   data-page-title="Arax Rýže basmati 1kg"
                   data-page-path="/produkt/8899-arax-ryze-basmati-1kg"
                   data-user-id=""
                   aria-hidden="true"
                   data-kosikmodal-onclose="onProductModalDestroy"
                   onclick="kosikAjax.click(this, initModalCarousel(this))">
                    <img src="https://cdn.kosik.cz/content/product/jpg/list/placeholder.jpg" data-src="https://cdn.kosik.cz/content/product/jpg/list/16377.jpg" alt="Arax Rýže basmati 1kg" class="loading-images loading-image">
                </a>




        </div>
                <div class="product-item-info">
                <h5><a href="javascript:void(0)" aria-label="Arax Rýže basmati 1kg" data-href="/delikatesy?productWidget-widgetCarousel-10-id=8899&amp;do=productWidget-widgetCarousel-10-modal" class="product-name modal-link"
                   data-target="productWidget-widgetCarousel-10-productModal" onclick="kosikAjax.click(this, initModalCarousel(this))">
                    Arax Rýže basmati 1kg
                    
                </a></h5>
            <p class="product-item-price ">
                <span class="price-before-discount">
				</span>
                <strong class="price">75,90 Kč</strong>

            </p>
            <p class="product-item-unit">
                    (<strong class="price">75,90 Kč</strong> / kg)
            </p>
                        <div class="product-list-rating">
                <span><ul class="rating"><li class="rating-children rating-1 up" data-rating="1"><i class="fa fa-star"></i></li><li class="rating-children rating-2 up" data-rating="2"><i class="fa fa-star"></i></li><li class="rating-children rating-3 up" data-rating="3"><i class="fa fa-star"></i></li><li class="rating-children rating-4 up" data-rating="4"><i class="fa fa-star"></i></li><li class="rating-children rating-5 down" data-rating="5"><i class="fa fa-star"></i></li></ul></span>
            </div>
<div id="snippet-productWidget-widgetCarousel-10-buy-8899-quantity">        <div class="product-quantity-control">
            <form action="/delikatesy" method="post" class="ajax" id="frm-productWidget-widgetCarousel-10-buy-8899-quantityForm">
                <input type="text" name="quantity" size="3" id="frm-productWidget-widgetCarousel-10-buy-8899-quantityForm-quantity" data-nette-rules='[{"op":":integer","msg":"Množství musí být číslo."}]' value="1" aria-label="počet k přidání">
                <input type="submit" name="_submit" value="Přidat" class="product-quantity-control-submit plus" aria-label="přidat počet do košíku">
            <input type="hidden" name="do" value="productWidget-widgetCarousel-10-buy-8899-quantityForm-submit"><!--[if IE]><input type=IEbug disabled style="display:none"><![endif]-->
</form>

        </div>
</div>
                <p class="product-incart-info accessible">Produkt nemáte v košíku</p>


        </div>

        
    </div>
    <div id="product-append-38886" class="product-item">
        <div class="product-item-flags">
        </div>
        <div class="product-item-image">
                <a data-href="/delikatesy?productWidget-widgetCarousel-10-id=38886&amp;do=productWidget-widgetCarousel-10-modal"
                   data-target="productWidget-widgetCarousel-10-productModal"
                   data-product-id="38886"
                   data-product-price="51.9"
                   data-page-title="Riso Scotti Style Basmati rýže ve varných sáčcích 4x125g"
                   data-page-path="/produkt/38886-riso-scotti-style-basmati-ryze-ve-varnych-saccich-4x125g"
                   data-user-id=""
                   aria-hidden="true"
                   data-kosikmodal-onclose="onProductModalDestroy"
                   onclick="kosikAjax.click(this, initModalCarousel(this))">
                    <img src="https://cdn.kosik.cz/content/product/jpg/list/placeholder.jpg" data-src="https://cdn.kosik.cz/content/product/jpg/list/56603.jpg" alt="Riso Scotti Style Basmati rýže ve varných sáčcích 4x125g" class="loading-images loading-image">
                </a>




        </div>
                <div class="product-item-info">
                <h5><a href="javascript:void(0)" aria-label="Riso Scotti Style Basmati rýže ve varných sáčcích 4x125g" data-href="/delikatesy?productWidget-widgetCarousel-10-id=38886&amp;do=productWidget-widgetCarousel-10-modal" class="product-name modal-link"
                   data-target="productWidget-widgetCarousel-10-productModal" onclick="kosikAjax.click(this, initModalCarousel(this))">
                    Riso Scotti Style Basmati rýže ve varných sáčcích 4x125g
                    
                </a></h5>
            <p class="product-item-price ">
                <span class="price-before-discount">
				</span>
                <strong class="price">51,90 Kč</strong>

            </p>
            <p class="product-item-unit">
                    (<strong class="price">103,80 Kč</strong> / kg)
            </p>
                        <div class="product-list-rating">
            </div>
<div id="snippet-productWidget-widgetCarousel-10-buy-38886-quantity">        <div class="product-quantity-control">
            <form action="/delikatesy" method="post" class="ajax" id="frm-productWidget-widgetCarousel-10-buy-38886-quantityForm">
                <input type="text" name="quantity" size="3" id="frm-productWidget-widgetCarousel-10-buy-38886-quantityForm-quantity" data-nette-rules='[{"op":":integer","msg":"Množství musí být číslo."}]' value="1" aria-label="počet k přidání">
                <input type="submit" name="_submit" value="Přidat" class="product-quantity-control-submit plus" aria-label="přidat počet do košíku">
            <input type="hidden" name="do" value="productWidget-widgetCarousel-10-buy-38886-quantityForm-submit"><!--[if IE]><input type=IEbug disabled style="display:none"><![endif]-->
</form>

        </div>
</div>
                <p class="product-incart-info accessible">Produkt nemáte v košíku</p>


        </div>

        
    </div>
    <div id="product-append-10959" class="product-item">
        <div class="product-item-flags">
        </div>
        <div class="product-item-image">
                <a data-href="/delikatesy?productWidget-widgetCarousel-10-id=10959&amp;do=productWidget-widgetCarousel-10-modal"
                   data-target="productWidget-widgetCarousel-10-productModal"
                   data-product-id="10959"
                   data-product-price="61.9"
                   data-page-title="Country Life Bio Rýže basmati natural 500 g"
                   data-page-path="/produkt/10959-country-life-bio-ryze-basmati-natural-500-g"
                   data-user-id=""
                   aria-hidden="true"
                   data-kosikmodal-onclose="onProductModalDestroy"
                   onclick="kosikAjax.click(this, initModalCarousel(this))">
                    <img src="https://cdn.kosik.cz/content/product/jpg/list/placeholder.jpg" data-src="https://cdn.kosik.cz/content/product/jpg/list/28561.jpg" alt="Country Life Bio Rýže basmati natural 500 g" class="loading-images loading-image">
                </a>




        </div>
                <div class="product-item-info">
                <h5><a href="javascript:void(0)" aria-label="Country Life Bio Rýže basmati natural 500 g" data-href="/delikatesy?productWidget-widgetCarousel-10-id=10959&amp;do=productWidget-widgetCarousel-10-modal" class="product-name modal-link"
                   data-target="productWidget-widgetCarousel-10-productModal" onclick="kosikAjax.click(this, initModalCarousel(this))">
                    Country Life Bio Rýže basmati natural 500 g
                    
                </a></h5>
            <p class="product-item-price ">
                <span class="price-before-discount">
				</span>
                <strong class="price">61,90 Kč</strong>

            </p>
            <p class="product-item-unit">
                    (<strong class="price">123,80 Kč</strong> / kg)
            </p>
                        <div class="product-list-rating">
            </div>
<div id="snippet-productWidget-widgetCarousel-10-buy-10959-quantity">        <div class="product-quantity-control">
            <form action="/delikatesy" method="post" class="ajax" id="frm-productWidget-widgetCarousel-10-buy-10959-quantityForm">
                <input type="text" name="quantity" size="3" id="frm-productWidget-widgetCarousel-10-buy-10959-quantityForm-quantity" data-nette-rules='[{"op":":integer","msg":"Množství musí být číslo."}]' value="1" aria-label="počet k přidání">
                <input type="submit" name="_submit" value="Přidat" class="product-quantity-control-submit plus" aria-label="přidat počet do košíku">
            <input type="hidden" name="do" value="productWidget-widgetCarousel-10-buy-10959-quantityForm-submit"><!--[if IE]><input type=IEbug disabled style="display:none"><![endif]-->
</form>

        </div>
</div>
                <p class="product-incart-info accessible">Produkt nemáte v košíku</p>


        </div>

        
    </div>
    <div id="product-append-16768" class="product-item">
        <div class="product-item-flags">
        </div>
        <div class="product-item-image">
                <a data-href="/delikatesy?productWidget-widgetCarousel-10-id=16768&amp;do=productWidget-widgetCarousel-10-modal"
                   data-target="productWidget-widgetCarousel-10-productModal"
                   data-product-id="16768"
                   data-product-price="58.9"
                   data-page-title="Barilla Špagety celozrnné těstoviny 500g"
                   data-page-path="/produkt/16768-barilla-spagety-celozrnne-testoviny-500g"
                   data-user-id=""
                   aria-hidden="true"
                   data-kosikmodal-onclose="onProductModalDestroy"
                   onclick="kosikAjax.click(this, initModalCarousel(this))">
                    <img src="https://cdn.kosik.cz/content/product/jpg/list/placeholder.jpg" data-src="https://cdn.kosik.cz/content/product/jpg/list/34036.jpg" alt="Barilla Špagety celozrnné těstoviny 500g" class="loading-images loading-image">
                </a>




        </div>
                <div class="product-item-info">
                <h5><a href="javascript:void(0)" aria-label="Barilla Špagety celozrnné těstoviny 500g" data-href="/delikatesy?productWidget-widgetCarousel-10-id=16768&amp;do=productWidget-widgetCarousel-10-modal" class="product-name modal-link"
                   data-target="productWidget-widgetCarousel-10-productModal" onclick="kosikAjax.click(this, initModalCarousel(this))">
                    Barilla Špagety celozrnné těstoviny 500g
                    
                </a></h5>
            <p class="product-item-price ">
                <span class="price-before-discount">
				</span>
                <strong class="price">58,90 Kč</strong>

            </p>
            <p class="product-item-unit">
                    (<strong class="price">117,80 Kč</strong> / kg)
            </p>
                        <div class="product-list-rating">
            </div>
<div id="snippet-productWidget-widgetCarousel-10-buy-16768-quantity">        <div class="product-quantity-control">
            <form action="/delikatesy" method="post" class="ajax" id="frm-productWidget-widgetCarousel-10-buy-16768-quantityForm">
                <input type="text" name="quantity" size="3" id="frm-productWidget-widgetCarousel-10-buy-16768-quantityForm-quantity" data-nette-rules='[{"op":":integer","msg":"Množství musí být číslo."}]' value="1" aria-label="počet k přidání">
                <input type="submit" name="_submit" value="Přidat" class="product-quantity-control-submit plus" aria-label="přidat počet do košíku">
            <input type="hidden" name="do" value="productWidget-widgetCarousel-10-buy-16768-quantityForm-submit"><!--[if IE]><input type=IEbug disabled style="display:none"><![endif]-->
</form>

        </div>
</div>
                <p class="product-incart-info accessible">Produkt nemáte v košíku</p>


        </div>

        
    </div>
    <div id="product-append-9514" class="product-item">
        <div class="product-item-flags">
        </div>
        <div class="product-item-image">
                <a data-href="/delikatesy?productWidget-widgetCarousel-10-id=9514&amp;do=productWidget-widgetCarousel-10-modal"
                   data-target="productWidget-widgetCarousel-10-productModal"
                   data-product-id="9514"
                   data-product-price="79.9"
                   data-page-title="Panzani Lasagne 500g"
                   data-page-path="/produkt/9514-panzani-lasagne-500g"
                   data-user-id=""
                   aria-hidden="true"
                   data-kosikmodal-onclose="onProductModalDestroy"
                   onclick="kosikAjax.click(this, initModalCarousel(this))">
                    <img src="https://cdn.kosik.cz/content/product/jpg/list/placeholder.jpg" data-src="https://cdn.kosik.cz/content/product/jpg/list/22486.jpg" alt="Panzani Lasagne 500g" class="loading-images loading-image">
                </a>




        </div>
                <div class="product-item-info">
                <h5><a href="javascript:void(0)" aria-label="Panzani Lasagne 500g" data-href="/delikatesy?productWidget-widgetCarousel-10-id=9514&amp;do=productWidget-widgetCarousel-10-modal" class="product-name modal-link"
                   data-target="productWidget-widgetCarousel-10-productModal" onclick="kosikAjax.click(this, initModalCarousel(this))">
                    Panzani Lasagne 500g
                    
                </a></h5>
            <p class="product-item-price ">
                <span class="price-before-discount">
				</span>
                <strong class="price">79,90 Kč</strong>

            </p>
            <p class="product-item-unit">
                    (<strong class="price">159,80 Kč</strong> / kg)
            </p>
                        <div class="product-list-rating">
            </div>
<div id="snippet-productWidget-widgetCarousel-10-buy-9514-quantity">        <div class="product-quantity-control">
            <form action="/delikatesy" method="post" class="ajax" id="frm-productWidget-widgetCarousel-10-buy-9514-quantityForm">
                <input type="text" name="quantity" size="3" id="frm-productWidget-widgetCarousel-10-buy-9514-quantityForm-quantity" data-nette-rules='[{"op":":integer","msg":"Množství musí být číslo."}]' value="1" aria-label="počet k přidání">
                <input type="submit" name="_submit" value="Přidat" class="product-quantity-control-submit plus" aria-label="přidat počet do košíku">
            <input type="hidden" name="do" value="productWidget-widgetCarousel-10-buy-9514-quantityForm-submit"><!--[if IE]><input type=IEbug disabled style="display:none"><![endif]-->
</form>

        </div>
</div>
                <p class="product-incart-info accessible">Produkt nemáte v košíku</p>


        </div>

        
    </div>
    <div id="product-append-16767" class="product-item">
        <div class="product-item-flags">
        </div>
        <div class="product-item-image">
                <a data-href="/delikatesy?productWidget-widgetCarousel-10-id=16767&amp;do=productWidget-widgetCarousel-10-modal"
                   data-target="productWidget-widgetCarousel-10-productModal"
                   data-product-id="16767"
                   data-product-price="58.9"
                   data-page-title="Barilla Pennette Rigate celozrnné těstoviny 500g"
                   data-page-path="/produkt/16767-barilla-pennette-rigate-celozrnne-testoviny-500g"
                   data-user-id=""
                   aria-hidden="true"
                   data-kosikmodal-onclose="onProductModalDestroy"
                   onclick="kosikAjax.click(this, initModalCarousel(this))">
                    <img src="https://cdn.kosik.cz/content/product/jpg/list/placeholder.jpg" data-src="https://cdn.kosik.cz/content/product/jpg/list/34035.jpg" alt="Barilla Pennette Rigate celozrnné těstoviny 500g" class="loading-images loading-image">
                </a>




        </div>
                <div class="product-item-info">
                <h5><a href="javascript:void(0)" aria-label="Barilla Pennette Rigate celozrnné těstoviny 500g" data-href="/delikatesy?productWidget-widgetCarousel-10-id=16767&amp;do=productWidget-widgetCarousel-10-modal" class="product-name modal-link"
                   data-target="productWidget-widgetCarousel-10-productModal" onclick="kosikAjax.click(this, initModalCarousel(this))">
                    Barilla Pennette Rigate celozrnné těstoviny 500g
                    
                </a></h5>
            <p class="product-item-price ">
                <span class="price-before-discount">
				</span>
                <strong class="price">58,90 Kč</strong>

            </p>
            <p class="product-item-unit">
                    (<strong class="price">117,80 Kč</strong> / kg)
            </p>
                        <div class="product-list-rating">
            </div>
<div id="snippet-productWidget-widgetCarousel-10-buy-16767-quantity">        <div class="product-quantity-control">
            <form action="/delikatesy" method="post" class="ajax" id="frm-productWidget-widgetCarousel-10-buy-16767-quantityForm">
                <input type="text" name="quantity" size="3" id="frm-productWidget-widgetCarousel-10-buy-16767-quantityForm-quantity" data-nette-rules='[{"op":":integer","msg":"Množství musí být číslo."}]' value="1" aria-label="počet k přidání">
                <input type="submit" name="_submit" value="Přidat" class="product-quantity-control-submit plus" aria-label="přidat počet do košíku">
            <input type="hidden" name="do" value="productWidget-widgetCarousel-10-buy-16767-quantityForm-submit"><!--[if IE]><input type=IEbug disabled style="display:none"><![endif]-->
</form>

        </div>
</div>
                <p class="product-incart-info accessible">Produkt nemáte v košíku</p>


        </div>

        
    </div>
    <div id="product-append-10969" class="product-item">
        <div class="product-item-flags">
        </div>
        <div class="product-item-image">
                <a data-href="/delikatesy?productWidget-widgetCarousel-10-id=10969&amp;do=productWidget-widgetCarousel-10-modal"
                   data-target="productWidget-widgetCarousel-10-productModal"
                   data-product-id="10969"
                   data-product-price="59"
                   data-page-title="Country Life Fazole mungo 500g"
                   data-page-path="/produkt/10969-country-life-fazole-mungo-500g"
                   data-user-id=""
                   aria-hidden="true"
                   data-kosikmodal-onclose="onProductModalDestroy"
                   onclick="kosikAjax.click(this, initModalCarousel(this))">
                    <img src="https://cdn.kosik.cz/content/product/jpg/list/placeholder.jpg" data-src="https://cdn.kosik.cz/content/product/jpg/list/28569.jpg" alt="Country Life Fazole mungo 500g" class="loading-images loading-image">
                </a>




        </div>
                <div class="product-item-info">
                <h5><a href="javascript:void(0)" aria-label="Country Life Fazole mungo 500g" data-href="/delikatesy?productWidget-widgetCarousel-10-id=10969&amp;do=productWidget-widgetCarousel-10-modal" class="product-name modal-link"
                   data-target="productWidget-widgetCarousel-10-productModal" onclick="kosikAjax.click(this, initModalCarousel(this))">
                    Country Life Fazole mungo 500g
                    
                </a></h5>
            <p class="product-item-price ">
                <span class="price-before-discount">
				</span>
                <strong class="price">59,00 Kč</strong>

            </p>
            <p class="product-item-unit">
                    (<strong class="price">118,00 Kč</strong> / kg)
            </p>
                        <div class="product-list-rating">
            </div>
<div id="snippet-productWidget-widgetCarousel-10-buy-10969-quantity">        <div class="product-quantity-control">
            <form action="/delikatesy" method="post" class="ajax" id="frm-productWidget-widgetCarousel-10-buy-10969-quantityForm">
                <input type="text" name="quantity" size="3" id="frm-productWidget-widgetCarousel-10-buy-10969-quantityForm-quantity" data-nette-rules='[{"op":":integer","msg":"Množství musí být číslo."}]' value="1" aria-label="počet k přidání">
                <input type="submit" name="_submit" value="Přidat" class="product-quantity-control-submit plus" aria-label="přidat počet do košíku">
            <input type="hidden" name="do" value="productWidget-widgetCarousel-10-buy-10969-quantityForm-submit"><!--[if IE]><input type=IEbug disabled style="display:none"><![endif]-->
</form>

        </div>
</div>
                <p class="product-incart-info accessible">Produkt nemáte v košíku</p>


        </div>

        
    </div>
    <div id="product-append-12367" class="product-item">
        <div class="product-item-flags">
        </div>
        <div class="product-item-image">
                <a data-href="/delikatesy?productWidget-widgetCarousel-10-id=12367&amp;do=productWidget-widgetCarousel-10-modal"
                   data-target="productWidget-widgetCarousel-10-productModal"
                   data-product-id="12367"
                   data-product-price="79.9"
                   data-page-title="Barilla Tagliatelle semolinové těstoviny 500g"
                   data-page-path="/produkt/12367-barilla-tagliatelle-semolinove-testoviny-500g"
                   data-user-id=""
                   aria-hidden="true"
                   data-kosikmodal-onclose="onProductModalDestroy"
                   onclick="kosikAjax.click(this, initModalCarousel(this))">
                    <img src="https://cdn.kosik.cz/content/product/jpg/list/placeholder.jpg" data-src="https://cdn.kosik.cz/content/product/jpg/list/29635.jpg" alt="Barilla Tagliatelle semolinové těstoviny 500g" class="loading-images loading-image">
                </a>




        </div>
                <div class="product-item-info">
                <h5><a href="javascript:void(0)" aria-label="Barilla Tagliatelle semolinové těstoviny 500g" data-href="/delikatesy?productWidget-widgetCarousel-10-id=12367&amp;do=productWidget-widgetCarousel-10-modal" class="product-name modal-link"
                   data-target="productWidget-widgetCarousel-10-productModal" onclick="kosikAjax.click(this, initModalCarousel(this))">
                    Barilla Tagliatelle semolinové těstoviny 500g
                    
                </a></h5>
            <p class="product-item-price ">
                <span class="price-before-discount">
				</span>
                <strong class="price">79,90 Kč</strong>

            </p>
            <p class="product-item-unit">
                    (<strong class="price">159,80 Kč</strong> / kg)
            </p>
                        <div class="product-list-rating">
            </div>
<div id="snippet-productWidget-widgetCarousel-10-buy-12367-quantity">        <div class="product-quantity-control">
            <form action="/delikatesy" method="post" class="ajax" id="frm-productWidget-widgetCarousel-10-buy-12367-quantityForm">
                <input type="text" name="quantity" size="3" id="frm-productWidget-widgetCarousel-10-buy-12367-quantityForm-quantity" data-nette-rules='[{"op":":integer","msg":"Množství musí být číslo."}]' value="1" aria-label="počet k přidání">
                <input type="submit" name="_submit" value="Přidat" class="product-quantity-control-submit plus" aria-label="přidat počet do košíku">
            <input type="hidden" name="do" value="productWidget-widgetCarousel-10-buy-12367-quantityForm-submit"><!--[if IE]><input type=IEbug disabled style="display:none"><![endif]-->
</form>

        </div>
</div>
                <p class="product-incart-info accessible">Produkt nemáte v košíku</p>


        </div>

        
    </div>
    <div id="product-append-42203" class="product-item">
        <div class="product-item-flags">
            <div class="flag-sale ">
                <span class="percents">30<small>&#37;</small></span>
            </div>
        </div>
        <div class="product-item-image">
                <a data-href="/delikatesy?productWidget-widgetCarousel-10-id=42203&amp;do=productWidget-widgetCarousel-10-modal"
                   data-target="productWidget-widgetCarousel-10-productModal"
                   data-product-id="42203"
                   data-product-price="54.9"
                   data-page-title="RUMMO Farfalle 500g"
                   data-page-path="/produkt/42203-rummo-farfalle-500g"
                   data-user-id=""
                   aria-hidden="true"
                   data-kosikmodal-onclose="onProductModalDestroy"
                   onclick="kosikAjax.click(this, initModalCarousel(this))">
                    <img src="https://cdn.kosik.cz/content/product/jpg/list/placeholder.jpg" data-src="https://cdn.kosik.cz/content/product/jpg/list/59920.jpg" alt="RUMMO Farfalle 500g" class="loading-images loading-image">
                </a>




        </div>
                <div class="product-item-info">
                <h5><a href="javascript:void(0)" aria-label="RUMMO Farfalle 500g" data-href="/delikatesy?productWidget-widgetCarousel-10-id=42203&amp;do=productWidget-widgetCarousel-10-modal" class="product-name modal-link"
                   data-target="productWidget-widgetCarousel-10-productModal" onclick="kosikAjax.click(this, initModalCarousel(this))">
                    RUMMO Farfalle 500g
                    
                </a></h5>
            <p class="product-item-price product-in-discount">
                <span class="price-before-discount">
					<span><strong class="price">54,90 Kč</strong></span>
				</span>
                <strong class="price">38,50 Kč</strong>

            </p>
            <p class="product-item-unit">
                    (<strong class="price">77,00 Kč</strong> / Kg)
            </p>
                        <div class="product-list-rating">
            </div>
<div id="snippet-productWidget-widgetCarousel-10-buy-42203-quantity">        <div class="product-quantity-control">
            <form action="/delikatesy" method="post" class="ajax" id="frm-productWidget-widgetCarousel-10-buy-42203-quantityForm">
                <input type="text" name="quantity" size="3" id="frm-productWidget-widgetCarousel-10-buy-42203-quantityForm-quantity" data-nette-rules='[{"op":":integer","msg":"Množství musí být číslo."}]' value="1" aria-label="počet k přidání">
                <input type="submit" name="_submit" value="Přidat" class="product-quantity-control-submit plus" aria-label="přidat počet do košíku">
            <input type="hidden" name="do" value="productWidget-widgetCarousel-10-buy-42203-quantityForm-submit"><!--[if IE]><input type=IEbug disabled style="display:none"><![endif]-->
</form>

        </div>
</div>
                <p class="product-incart-info accessible">Produkt nemáte v košíku</p>


        </div>

        
    </div>
    <div id="product-append-42205" class="product-item">
        <div class="product-item-flags">
            <div class="flag-sale ">
                <span class="percents">30<small>&#37;</small></span>
            </div>
        </div>
        <div class="product-item-image">
                <a data-href="/delikatesy?productWidget-widgetCarousel-10-id=42205&amp;do=productWidget-widgetCarousel-10-modal"
                   data-target="productWidget-widgetCarousel-10-productModal"
                   data-product-id="42205"
                   data-product-price="54.9"
                   data-page-title="Rummo Fusilli 500g"
                   data-page-path="/produkt/42205-rummo-fusilli-500g"
                   data-user-id=""
                   aria-hidden="true"
                   data-kosikmodal-onclose="onProductModalDestroy"
                   onclick="kosikAjax.click(this, initModalCarousel(this))">
                    <img src="https://cdn.kosik.cz/content/product/jpg/list/placeholder.jpg" data-src="https://cdn.kosik.cz/content/product/jpg/list/59922.jpg" alt="Rummo Fusilli 500g" class="loading-images loading-image">
                </a>




        </div>
                <div class="product-item-info">
                <h5><a href="javascript:void(0)" aria-label="Rummo Fusilli 500g" data-href="/delikatesy?productWidget-widgetCarousel-10-id=42205&amp;do=productWidget-widgetCarousel-10-modal" class="product-name modal-link"
                   data-target="productWidget-widgetCarousel-10-productModal" onclick="kosikAjax.click(this, initModalCarousel(this))">
                    Rummo Fusilli 500g
                    
                </a></h5>
            <p class="product-item-price product-in-discount">
                <span class="price-before-discount">
					<span><strong class="price">54,90 Kč</strong></span>
				</span>
                <strong class="price">38,50 Kč</strong>

            </p>
            <p class="product-item-unit">
                    (<strong class="price">77,00 Kč</strong> / Kg)
            </p>
                        <div class="product-list-rating">
                <span><ul class="rating"><li class="rating-children rating-1 up" data-rating="1"><i class="fa fa-star"></i></li><li class="rating-children rating-2 up" data-rating="2"><i class="fa fa-star"></i></li><li class="rating-children rating-3 up" data-rating="3"><i class="fa fa-star"></i></li><li class="rating-children rating-4 up" data-rating="4"><i class="fa fa-star"></i></li><li class="rating-children rating-5 up" data-rating="5"><i class="fa fa-star"></i></li></ul></span>
            </div>
<div id="snippet-productWidget-widgetCarousel-10-buy-42205-quantity">        <div class="product-quantity-control">
            <form action="/delikatesy" method="post" class="ajax" id="frm-productWidget-widgetCarousel-10-buy-42205-quantityForm">
                <input type="text" name="quantity" size="3" id="frm-productWidget-widgetCarousel-10-buy-42205-quantityForm-quantity" data-nette-rules='[{"op":":integer","msg":"Množství musí být číslo."}]' value="1" aria-label="počet k přidání">
                <input type="submit" name="_submit" value="Přidat" class="product-quantity-control-submit plus" aria-label="přidat počet do košíku">
            <input type="hidden" name="do" value="productWidget-widgetCarousel-10-buy-42205-quantityForm-submit"><!--[if IE]><input type=IEbug disabled style="display:none"><![endif]-->
</form>

        </div>
</div>
                <p class="product-incart-info accessible">Produkt nemáte v košíku</p>


        </div>

        
    </div>
    <div id="product-append-5815" class="product-item">
        <div class="product-item-flags">
            <div class="flag-sale ">
                <span class="percents">17<small>&#37;</small></span>
            </div>
        </div>
        <div class="product-item-image">
                <a data-href="/delikatesy?productWidget-widgetCarousel-10-id=5815&amp;do=productWidget-widgetCarousel-10-modal"
                   data-target="productWidget-widgetCarousel-10-productModal"
                   data-product-id="5815"
                   data-product-price="59.9"
                   data-page-title="Country Life Bio Navy fazole 500g"
                   data-page-path="/produkt/5815-country-life-bio-navy-fazole-500g"
                   data-user-id=""
                   aria-hidden="true"
                   data-kosikmodal-onclose="onProductModalDestroy"
                   onclick="kosikAjax.click(this, initModalCarousel(this))">
                    <img src="https://cdn.kosik.cz/content/product/jpg/list/placeholder.jpg" data-src="https://cdn.kosik.cz/content/product/jpg/list/7502.jpg" alt="Country Life Bio Navy fazole 500g" class="loading-images loading-image">
                </a>




        </div>
                <div class="product-item-info">
                <h5><a href="javascript:void(0)" aria-label="Country Life Bio Navy fazole 500g" data-href="/delikatesy?productWidget-widgetCarousel-10-id=5815&amp;do=productWidget-widgetCarousel-10-modal" class="product-name modal-link"
                   data-target="productWidget-widgetCarousel-10-productModal" onclick="kosikAjax.click(this, initModalCarousel(this))">
                    Country Life Bio Navy fazole 500g
                    
                </a></h5>
            <p class="product-item-price product-in-discount">
                <span class="price-before-discount">
					<span><strong class="price">59,90 Kč</strong></span>
				</span>
                <strong class="price">49,90 Kč</strong>

            </p>
            <p class="product-item-unit">
                    (<strong class="price">99,80 Kč</strong> / kg)
            </p>
                        <div class="product-list-rating">
            </div>
<div id="snippet-productWidget-widgetCarousel-10-buy-5815-quantity">        <div class="product-quantity-control">
            <form action="/delikatesy" method="post" class="ajax" id="frm-productWidget-widgetCarousel-10-buy-5815-quantityForm">
                <input type="text" name="quantity" size="3" id="frm-productWidget-widgetCarousel-10-buy-5815-quantityForm-quantity" data-nette-rules='[{"op":":integer","msg":"Množství musí být číslo."}]' value="1" aria-label="počet k přidání">
                <input type="submit" name="_submit" value="Přidat" class="product-quantity-control-submit plus" aria-label="přidat počet do košíku">
            <input type="hidden" name="do" value="productWidget-widgetCarousel-10-buy-5815-quantityForm-submit"><!--[if IE]><input type=IEbug disabled style="display:none"><![endif]-->
</form>

        </div>
</div>
                <p class="product-incart-info accessible">Produkt nemáte v košíku</p>


        </div>

        
    </div>
    <div id="product-append-37164" class="product-item">
        <div class="product-item-flags">
        </div>
        <div class="product-item-image">
                <a data-href="/delikatesy?productWidget-widgetCarousel-10-id=37164&amp;do=productWidget-widgetCarousel-10-modal"
                   data-target="productWidget-widgetCarousel-10-productModal"
                   data-product-id="37164"
                   data-product-price="65.9"
                   data-page-title="Real Thai Rýžové vlasové nudle 375g"
                   data-page-path="/produkt/37164-real-thai-ryzove-vlasove-nudle-375g"
                   data-user-id=""
                   aria-hidden="true"
                   data-kosikmodal-onclose="onProductModalDestroy"
                   onclick="kosikAjax.click(this, initModalCarousel(this))">
                    <img src="https://cdn.kosik.cz/content/product/jpg/list/placeholder.jpg" data-src="https://cdn.kosik.cz/content/product/jpg/list/54787.jpg" alt="Real Thai Rýžové vlasové nudle 375g" class="loading-images loading-image">
                </a>




        </div>
                <div class="product-item-info">
                <h5><a href="javascript:void(0)" aria-label="Real Thai Rýžové vlasové nudle 375g" data-href="/delikatesy?productWidget-widgetCarousel-10-id=37164&amp;do=productWidget-widgetCarousel-10-modal" class="product-name modal-link"
                   data-target="productWidget-widgetCarousel-10-productModal" onclick="kosikAjax.click(this, initModalCarousel(this))">
                    Real Thai Rýžové vlasové nudle 375g
                    
                </a></h5>
            <p class="product-item-price ">
                <span class="price-before-discount">
				</span>
                <strong class="price">65,90 Kč</strong>

            </p>
            <p class="product-item-unit">
                    (<strong class="price">175,70 Kč</strong> / kg)
            </p>
                        <div class="product-list-rating">
            </div>
<div id="snippet-productWidget-widgetCarousel-10-buy-37164-quantity">        <div class="product-quantity-control">
            <form action="/delikatesy" method="post" class="ajax" id="frm-productWidget-widgetCarousel-10-buy-37164-quantityForm">
                <input type="text" name="quantity" size="3" id="frm-productWidget-widgetCarousel-10-buy-37164-quantityForm-quantity" data-nette-rules='[{"op":":integer","msg":"Množství musí být číslo."}]' value="1" aria-label="počet k přidání">
                <input type="submit" name="_submit" value="Přidat" class="product-quantity-control-submit plus" aria-label="přidat počet do košíku">
            <input type="hidden" name="do" value="productWidget-widgetCarousel-10-buy-37164-quantityForm-submit"><!--[if IE]><input type=IEbug disabled style="display:none"><![endif]-->
</form>

        </div>
</div>
                <p class="product-incart-info accessible">Produkt nemáte v košíku</p>


        </div>

        
    </div>
</div>

<div class="kosik-modal-overlay product-modal" id="productWidget-widgetCarousel-10-productModal" role="dialog">
    <div class="kosik-modal-inner large super-scaled" id="snippet-productWidget-widgetCarousel-10-productModalArea">
    </div>
</div>


<div class="kosik-modal-overlay" id="productWidget-widgetCarousel-10-productSetModal" role="dialog">
    <div class="kosik-modal-inner large super-scaled" id="snippet-productWidget-widgetCarousel-10-productSetModalArea">
    </div>
</div>
			</div>
		</div>
		<div class="region region-carousel region-products no-aside product-widget">
			<div class="home-product-widget region-inner region-products-inner slick-carousel" data-open="3" data-close="4">
				<div class="block block-title">
					<h3>Koření a přísady</h3>
				</div>
<script async>

    var onProductModalDestroy = function() {

    	var pageData = window.dataLayer[0];

        pageData["event"] = "ga.pageview";
        pageData["pagePath"] = window.location.pathname;
        pageData["pageTitle"] = window.document.title;

	    dataLayer.push(pageData);
    };
</script>
<div class="block block-product-items product-items" data-ajax-append="product-item" id="snippet-productWidget-widgetCarousel-11-productListArea">
    <div id="product-append-22354" class="product-item">
        <div class="product-item-flags">
        </div>
        <div class="product-item-image">
                <a data-href="/delikatesy?productWidget-widgetCarousel-11-id=22354&amp;do=productWidget-widgetCarousel-11-modal"
                   data-target="productWidget-widgetCarousel-11-productModal"
                   data-product-id="22354"
                   data-product-price="125.9"
                   data-page-title="Casa Rinaldi sušené papričky 100g"
                   data-page-path="/produkt/22354-casa-rinaldi-susene-papricky-100g"
                   data-user-id=""
                   aria-hidden="true"
                   data-kosikmodal-onclose="onProductModalDestroy"
                   onclick="kosikAjax.click(this, initModalCarousel(this))">
                    <img src="https://cdn.kosik.cz/content/product/jpg/list/placeholder.jpg" data-src="https://cdn.kosik.cz/content/product/jpg/list/39603.jpg" alt="Casa Rinaldi sušené papričky 100g" class="loading-images loading-image">
                </a>




        </div>
                <div class="product-item-info">
                <h5><a href="javascript:void(0)" aria-label="Casa Rinaldi sušené papričky 100g" data-href="/delikatesy?productWidget-widgetCarousel-11-id=22354&amp;do=productWidget-widgetCarousel-11-modal" class="product-name modal-link"
                   data-target="productWidget-widgetCarousel-11-productModal" onclick="kosikAjax.click(this, initModalCarousel(this))">
                    Casa Rinaldi sušené papričky 100g
                    
                </a></h5>
            <p class="product-item-price ">
                <span class="price-before-discount">
				</span>
                <strong class="price">125,90 Kč</strong>

            </p>
            <p class="product-item-unit">
                    (<strong class="price">1 259,00 Kč</strong> / kg)
            </p>
                        <div class="product-list-rating">
            </div>
<div id="snippet-productWidget-widgetCarousel-11-buy-22354-quantity">        <div class="product-quantity-control">
            <form action="/delikatesy" method="post" class="ajax" id="frm-productWidget-widgetCarousel-11-buy-22354-quantityForm">
                <input type="text" name="quantity" size="3" id="frm-productWidget-widgetCarousel-11-buy-22354-quantityForm-quantity" data-nette-rules='[{"op":":integer","msg":"Množství musí být číslo."}]' value="1" aria-label="počet k přidání">
                <input type="submit" name="_submit" value="Přidat" class="product-quantity-control-submit plus" aria-label="přidat počet do košíku">
            <input type="hidden" name="do" value="productWidget-widgetCarousel-11-buy-22354-quantityForm-submit"><!--[if IE]><input type=IEbug disabled style="display:none"><![endif]-->
</form>

        </div>
</div>
                <p class="product-incart-info accessible">Produkt nemáte v košíku</p>


        </div>

        
    </div>
    <div id="product-append-25039" class="product-item">
        <div class="product-item-flags">
        </div>
        <div class="product-item-image">
                <a data-href="/delikatesy?productWidget-widgetCarousel-11-id=25039&amp;do=productWidget-widgetCarousel-11-modal"
                   data-target="productWidget-widgetCarousel-11-productModal"
                   data-product-id="25039"
                   data-product-price="69.9"
                   data-page-title="Maille Hořčice s medem 200ml"
                   data-page-path="/produkt/25039-maille-horcice-s-medem-200ml"
                   data-user-id=""
                   aria-hidden="true"
                   data-kosikmodal-onclose="onProductModalDestroy"
                   onclick="kosikAjax.click(this, initModalCarousel(this))">
                    <img src="https://cdn.kosik.cz/content/product/jpg/list/placeholder.jpg" data-src="https://cdn.kosik.cz/content/product/jpg/list/42315.jpg" alt="Maille Hořčice s medem 200ml" class="loading-images loading-image">
                </a>




        </div>
                <div class="product-item-info">
                <h5><a href="javascript:void(0)" aria-label="Maille Hořčice s medem 200ml" data-href="/delikatesy?productWidget-widgetCarousel-11-id=25039&amp;do=productWidget-widgetCarousel-11-modal" class="product-name modal-link"
                   data-target="productWidget-widgetCarousel-11-productModal" onclick="kosikAjax.click(this, initModalCarousel(this))">
                    Maille Hořčice s medem 200ml
                    
                </a></h5>
            <p class="product-item-price ">
                <span class="price-before-discount">
				</span>
                <strong class="price">69,90 Kč</strong>

            </p>
            <p class="product-item-unit">
                    (<strong class="price">349,50 Kč</strong> / l)
            </p>
                        <div class="product-list-rating">
            </div>
<div id="snippet-productWidget-widgetCarousel-11-buy-25039-quantity">        <div class="product-quantity-control">
            <form action="/delikatesy" method="post" class="ajax" id="frm-productWidget-widgetCarousel-11-buy-25039-quantityForm">
                <input type="text" name="quantity" size="3" id="frm-productWidget-widgetCarousel-11-buy-25039-quantityForm-quantity" data-nette-rules='[{"op":":integer","msg":"Množství musí být číslo."}]' value="1" aria-label="počet k přidání">
                <input type="submit" name="_submit" value="Přidat" class="product-quantity-control-submit plus" aria-label="přidat počet do košíku">
            <input type="hidden" name="do" value="productWidget-widgetCarousel-11-buy-25039-quantityForm-submit"><!--[if IE]><input type=IEbug disabled style="display:none"><![endif]-->
</form>

        </div>
</div>
                <p class="product-incart-info accessible">Produkt nemáte v košíku</p>


        </div>

        
    </div>
    <div id="product-append-24237" class="product-item">
        <div class="product-item-flags">
        </div>
        <div class="product-item-image">
                <a data-href="/delikatesy?productWidget-widgetCarousel-11-id=24237&amp;do=productWidget-widgetCarousel-11-modal"
                   data-target="productWidget-widgetCarousel-11-productModal"
                   data-product-id="24237"
                   data-product-price="79.9"
                   data-page-title="Dr. Oetker Vanilkový lusk „Bourbon” 1 ks"
                   data-page-path="/produkt/24237-dr-oetker-vanilkovy-lusk-bourbon-1-ks"
                   data-user-id=""
                   aria-hidden="true"
                   data-kosikmodal-onclose="onProductModalDestroy"
                   onclick="kosikAjax.click(this, initModalCarousel(this))">
                    <img src="https://cdn.kosik.cz/content/product/jpg/list/placeholder.jpg" data-src="https://cdn.kosik.cz/content/product/jpg/list/41481.jpg" alt="Dr. Oetker Vanilkový lusk „Bourbon” 1 ks" class="loading-images loading-image">
                </a>




        </div>
                <div class="product-item-info">
                <h5><a href="javascript:void(0)" aria-label="Dr. Oetker Vanilkový lusk „Bourbon” 1 ks" data-href="/delikatesy?productWidget-widgetCarousel-11-id=24237&amp;do=productWidget-widgetCarousel-11-modal" class="product-name modal-link"
                   data-target="productWidget-widgetCarousel-11-productModal" onclick="kosikAjax.click(this, initModalCarousel(this))">
                    Dr. Oetker Vanilkový lusk „Bourbon” 1 ks
                    
                </a></h5>
            <p class="product-item-price ">
                <span class="price-before-discount">
				</span>
                <strong class="price">79,90 Kč</strong>

            </p>
            <p class="product-item-unit">
                    (<strong class="price">39 950,00 Kč</strong> / kg)
            </p>
                        <div class="product-list-rating">
            </div>
<div id="snippet-productWidget-widgetCarousel-11-buy-24237-quantity">        <div class="product-quantity-control">
            <form action="/delikatesy" method="post" class="ajax" id="frm-productWidget-widgetCarousel-11-buy-24237-quantityForm">
                <input type="text" name="quantity" size="3" id="frm-productWidget-widgetCarousel-11-buy-24237-quantityForm-quantity" data-nette-rules='[{"op":":integer","msg":"Množství musí být číslo."}]' value="1" aria-label="počet k přidání">
                <input type="submit" name="_submit" value="Přidat" class="product-quantity-control-submit plus" aria-label="přidat počet do košíku">
            <input type="hidden" name="do" value="productWidget-widgetCarousel-11-buy-24237-quantityForm-submit"><!--[if IE]><input type=IEbug disabled style="display:none"><![endif]-->
</form>

        </div>
</div>
                <p class="product-incart-info accessible">Produkt nemáte v košíku</p>


        </div>

        
    </div>
    <div id="product-append-20845" class="product-item">
        <div class="product-item-flags">
        </div>
        <div class="product-item-image">
                <a data-href="/delikatesy?productWidget-widgetCarousel-11-id=20845&amp;do=productWidget-widgetCarousel-11-modal"
                   data-target="productWidget-widgetCarousel-11-productModal"
                   data-product-id="20845"
                   data-product-price="59.9"
                   data-page-title="La bontä italiana Spaghettata all'italiana koření 100g"
                   data-page-path="/produkt/20845-la-bonta-italiana-spaghettata-all-italiana-koreni-100g"
                   data-user-id=""
                   aria-hidden="true"
                   data-kosikmodal-onclose="onProductModalDestroy"
                   onclick="kosikAjax.click(this, initModalCarousel(this))">
                    <img src="https://cdn.kosik.cz/content/product/jpg/list/placeholder.jpg" data-src="https://cdn.kosik.cz/content/product/jpg/list/38097.jpg" alt="La bontä italiana Spaghettata all'italiana koření 100g" class="loading-images loading-image">
                </a>




        </div>
                <div class="product-item-info">
                <h5><a href="javascript:void(0)" aria-label="La bontä italiana Spaghettata all'italiana koření 100g" data-href="/delikatesy?productWidget-widgetCarousel-11-id=20845&amp;do=productWidget-widgetCarousel-11-modal" class="product-name modal-link"
                   data-target="productWidget-widgetCarousel-11-productModal" onclick="kosikAjax.click(this, initModalCarousel(this))">
                    La bontä italiana Spaghettata all'italiana koření 100g
                    
                </a></h5>
            <p class="product-item-price ">
                <span class="price-before-discount">
				</span>
                <strong class="price">59,90 Kč</strong>

            </p>
            <p class="product-item-unit">
                    (<strong class="price">599,00 Kč</strong> / kg)
            </p>
                        <div class="product-list-rating">
            </div>
<div id="snippet-productWidget-widgetCarousel-11-buy-20845-quantity">        <div class="product-quantity-control">
            <form action="/delikatesy" method="post" class="ajax" id="frm-productWidget-widgetCarousel-11-buy-20845-quantityForm">
                <input type="text" name="quantity" size="3" id="frm-productWidget-widgetCarousel-11-buy-20845-quantityForm-quantity" data-nette-rules='[{"op":":integer","msg":"Množství musí být číslo."}]' value="1" aria-label="počet k přidání">
                <input type="submit" name="_submit" value="Přidat" class="product-quantity-control-submit plus" aria-label="přidat počet do košíku">
            <input type="hidden" name="do" value="productWidget-widgetCarousel-11-buy-20845-quantityForm-submit"><!--[if IE]><input type=IEbug disabled style="display:none"><![endif]-->
</form>

        </div>
</div>
                <p class="product-incart-info accessible">Produkt nemáte v košíku</p>


        </div>

        
    </div>
    <div id="product-append-49466" class="product-item">
        <div class="product-item-flags">
        </div>
        <div class="product-item-image">
                <a data-href="/delikatesy?productWidget-widgetCarousel-11-id=49466&amp;do=productWidget-widgetCarousel-11-modal"
                   data-target="productWidget-widgetCarousel-11-productModal"
                   data-product-id="49466"
                   data-product-price="26.9"
                   data-page-title="Kotányi Kardamom mletý 10g"
                   data-page-path="/produkt/49466-kotanyi-kardamom-mlety-10g"
                   data-user-id=""
                   aria-hidden="true"
                   data-kosikmodal-onclose="onProductModalDestroy"
                   onclick="kosikAjax.click(this, initModalCarousel(this))">
                    <img src="https://cdn.kosik.cz/content/product/jpg/list/placeholder.jpg" data-src="https://cdn.kosik.cz/content/product/jpg/list/67030.jpg" alt="Kotányi Kardamom mletý 10g" class="loading-images loading-image">
                </a>




        </div>
                <div class="product-item-info">
                <h5><a href="javascript:void(0)" aria-label="Kotányi Kardamom mletý 10g" data-href="/delikatesy?productWidget-widgetCarousel-11-id=49466&amp;do=productWidget-widgetCarousel-11-modal" class="product-name modal-link"
                   data-target="productWidget-widgetCarousel-11-productModal" onclick="kosikAjax.click(this, initModalCarousel(this))">
                    Kotányi Kardamom mletý 10g
                    
                </a></h5>
            <p class="product-item-price ">
                <span class="price-before-discount">
				</span>
                <strong class="price">26,90 Kč</strong>

            </p>
            <p class="product-item-unit">
                    (<strong class="price">2 690,00 Kč</strong> / kg)
            </p>
                        <div class="product-list-rating">
            </div>
<div id="snippet-productWidget-widgetCarousel-11-buy-49466-quantity">        <div class="product-quantity-control">
            <form action="/delikatesy" method="post" class="ajax" id="frm-productWidget-widgetCarousel-11-buy-49466-quantityForm">
                <input type="text" name="quantity" size="3" id="frm-productWidget-widgetCarousel-11-buy-49466-quantityForm-quantity" data-nette-rules='[{"op":":integer","msg":"Množství musí být číslo."}]' value="1" aria-label="počet k přidání">
                <input type="submit" name="_submit" value="Přidat" class="product-quantity-control-submit plus" aria-label="přidat počet do košíku">
            <input type="hidden" name="do" value="productWidget-widgetCarousel-11-buy-49466-quantityForm-submit"><!--[if IE]><input type=IEbug disabled style="display:none"><![endif]-->
</form>

        </div>
</div>
                <p class="product-incart-info accessible">Produkt nemáte v košíku</p>


        </div>

        
    </div>
    <div id="product-append-30732" class="product-item">
        <div class="product-item-flags">
        </div>
        <div class="product-item-image">
                <a data-href="/delikatesy?productWidget-widgetCarousel-11-id=30732&amp;do=productWidget-widgetCarousel-11-modal"
                   data-target="productWidget-widgetCarousel-11-productModal"
                   data-product-id="30732"
                   data-product-price="38.9"
                   data-page-title="Mida's Madraské kari 100g"
                   data-page-path="/produkt/30732-mida-s-madraske-kari-100g"
                   data-user-id=""
                   aria-hidden="true"
                   data-kosikmodal-onclose="onProductModalDestroy"
                   onclick="kosikAjax.click(this, initModalCarousel(this))">
                    <img src="https://cdn.kosik.cz/content/product/jpg/list/placeholder.jpg" data-src="https://cdn.kosik.cz/content/product/jpg/list/48129.jpg" alt="Mida's Madraské kari 100g" class="loading-images loading-image">
                </a>




        </div>
                <div class="product-item-info">
                <h5><a href="javascript:void(0)" aria-label="Mida's Madraské kari 100g" data-href="/delikatesy?productWidget-widgetCarousel-11-id=30732&amp;do=productWidget-widgetCarousel-11-modal" class="product-name modal-link"
                   data-target="productWidget-widgetCarousel-11-productModal" onclick="kosikAjax.click(this, initModalCarousel(this))">
                    Mida's Madraské kari 100g
                    
                </a></h5>
            <p class="product-item-price ">
                <span class="price-before-discount">
				</span>
                <strong class="price">38,90 Kč</strong>

            </p>
            <p class="product-item-unit">
                    (<strong class="price">389,00 Kč</strong> / kg)
            </p>
                        <div class="product-list-rating">
            </div>
<div id="snippet-productWidget-widgetCarousel-11-buy-30732-quantity">        <div class="product-quantity-control">
            <form action="/delikatesy" method="post" class="ajax" id="frm-productWidget-widgetCarousel-11-buy-30732-quantityForm">
                <input type="text" name="quantity" size="3" id="frm-productWidget-widgetCarousel-11-buy-30732-quantityForm-quantity" data-nette-rules='[{"op":":integer","msg":"Množství musí být číslo."}]' value="1" aria-label="počet k přidání">
                <input type="submit" name="_submit" value="Přidat" class="product-quantity-control-submit plus" aria-label="přidat počet do košíku">
            <input type="hidden" name="do" value="productWidget-widgetCarousel-11-buy-30732-quantityForm-submit"><!--[if IE]><input type=IEbug disabled style="display:none"><![endif]-->
</form>

        </div>
</div>
                <p class="product-incart-info accessible">Produkt nemáte v košíku</p>


        </div>

        
    </div>
    <div id="product-append-31078" class="product-item">
        <div class="product-item-flags">
        </div>
        <div class="product-item-image">
                <a data-href="/delikatesy?productWidget-widgetCarousel-11-id=31078&amp;do=productWidget-widgetCarousel-11-modal"
                   data-target="productWidget-widgetCarousel-11-productModal"
                   data-product-id="31078"
                   data-product-price="49.9"
                   data-page-title="Mida's Kurkuma 100g"
                   data-page-path="/produkt/31078-mida-s-kurkuma-100g"
                   data-user-id=""
                   aria-hidden="true"
                   data-kosikmodal-onclose="onProductModalDestroy"
                   onclick="kosikAjax.click(this, initModalCarousel(this))">
                    <img src="https://cdn.kosik.cz/content/product/jpg/list/placeholder.jpg" data-src="https://cdn.kosik.cz/content/product/jpg/list/48483.jpg" alt="Mida's Kurkuma 100g" class="loading-images loading-image">
                </a>




        </div>
                <div class="product-item-info">
                <h5><a href="javascript:void(0)" aria-label="Mida's Kurkuma 100g" data-href="/delikatesy?productWidget-widgetCarousel-11-id=31078&amp;do=productWidget-widgetCarousel-11-modal" class="product-name modal-link"
                   data-target="productWidget-widgetCarousel-11-productModal" onclick="kosikAjax.click(this, initModalCarousel(this))">
                    Mida's Kurkuma 100g
                    
                </a></h5>
            <p class="product-item-price ">
                <span class="price-before-discount">
				</span>
                <strong class="price">49,90 Kč</strong>

            </p>
            <p class="product-item-unit">
                    (<strong class="price">499,00 Kč</strong> / kg)
            </p>
                        <div class="product-list-rating">
            </div>
<div id="snippet-productWidget-widgetCarousel-11-buy-31078-quantity">        <div class="product-quantity-control">
            <form action="/delikatesy" method="post" class="ajax" id="frm-productWidget-widgetCarousel-11-buy-31078-quantityForm">
                <input type="text" name="quantity" size="3" id="frm-productWidget-widgetCarousel-11-buy-31078-quantityForm-quantity" data-nette-rules='[{"op":":integer","msg":"Množství musí být číslo."}]' value="1" aria-label="počet k přidání">
                <input type="submit" name="_submit" value="Přidat" class="product-quantity-control-submit plus" aria-label="přidat počet do košíku">
            <input type="hidden" name="do" value="productWidget-widgetCarousel-11-buy-31078-quantityForm-submit"><!--[if IE]><input type=IEbug disabled style="display:none"><![endif]-->
</form>

        </div>
</div>
                <p class="product-incart-info accessible">Produkt nemáte v košíku</p>


        </div>

        
    </div>
    <div id="product-append-16957" class="product-item">
        <div class="product-item-flags">
        </div>
        <div class="product-item-image">
                <a data-href="/delikatesy?productWidget-widgetCarousel-11-id=16957&amp;do=productWidget-widgetCarousel-11-modal"
                   data-target="productWidget-widgetCarousel-11-productModal"
                   data-product-id="16957"
                   data-product-price="79.9"
                   data-page-title="Kotányi Pepř čtyřbarevný mlýnek 35g"
                   data-page-path="/produkt/16957-kotanyi-pepr-ctyrbarevny-mlynek-35g"
                   data-user-id=""
                   aria-hidden="true"
                   data-kosikmodal-onclose="onProductModalDestroy"
                   onclick="kosikAjax.click(this, initModalCarousel(this))">
                    <img src="https://cdn.kosik.cz/content/product/jpg/list/placeholder.jpg" data-src="https://cdn.kosik.cz/content/product/jpg/list/34225.jpg" alt="Kotányi Pepř čtyřbarevný mlýnek 35g" class="loading-images loading-image">
                </a>




        </div>
                <div class="product-item-info">
                <h5><a href="javascript:void(0)" aria-label="Kotányi Pepř čtyřbarevný mlýnek 35g" data-href="/delikatesy?productWidget-widgetCarousel-11-id=16957&amp;do=productWidget-widgetCarousel-11-modal" class="product-name modal-link"
                   data-target="productWidget-widgetCarousel-11-productModal" onclick="kosikAjax.click(this, initModalCarousel(this))">
                    Kotányi Pepř čtyřbarevný mlýnek 35g
                    
                </a></h5>
            <p class="product-item-price ">
                <span class="price-before-discount">
				</span>
                <strong class="price">79,90 Kč</strong>

            </p>
            <p class="product-item-unit">
                    (<strong class="price">2 282,90 Kč</strong> / kg)
            </p>
                        <div class="product-list-rating">
            </div>
<div id="snippet-productWidget-widgetCarousel-11-buy-16957-quantity">        <div class="product-quantity-control">
            <form action="/delikatesy" method="post" class="ajax" id="frm-productWidget-widgetCarousel-11-buy-16957-quantityForm">
                <input type="text" name="quantity" size="3" id="frm-productWidget-widgetCarousel-11-buy-16957-quantityForm-quantity" data-nette-rules='[{"op":":integer","msg":"Množství musí být číslo."}]' value="1" aria-label="počet k přidání">
                <input type="submit" name="_submit" value="Přidat" class="product-quantity-control-submit plus" aria-label="přidat počet do košíku">
            <input type="hidden" name="do" value="productWidget-widgetCarousel-11-buy-16957-quantityForm-submit"><!--[if IE]><input type=IEbug disabled style="display:none"><![endif]-->
</form>

        </div>
</div>
                <p class="product-incart-info accessible">Produkt nemáte v košíku</p>


        </div>

        
    </div>
    <div id="product-append-1919" class="product-item">
        <div class="product-item-flags">
        </div>
        <div class="product-item-image">
                <a data-href="/delikatesy?productWidget-widgetCarousel-11-id=1919&amp;do=productWidget-widgetCarousel-11-modal"
                   data-target="productWidget-widgetCarousel-11-productModal"
                   data-product-id="1919"
                   data-product-price="68.9"
                   data-page-title="Kotányi Mlýnek Mořská sůl s jodem 92g"
                   data-page-path="/produkt/1919-kotanyi-mlynek-morska-sul-s-jodem-92g"
                   data-user-id=""
                   aria-hidden="true"
                   data-kosikmodal-onclose="onProductModalDestroy"
                   onclick="kosikAjax.click(this, initModalCarousel(this))">
                    <img src="https://cdn.kosik.cz/content/product/jpg/list/placeholder.jpg" data-src="https://cdn.kosik.cz/content/product/jpg/list/1999.jpg" alt="Kotányi Mlýnek Mořská sůl s jodem 92g" class="loading-images loading-image">
                </a>




        </div>
                <div class="product-item-info">
                <h5><a href="javascript:void(0)" aria-label="Kotányi Mlýnek Mořská sůl s jodem 92g" data-href="/delikatesy?productWidget-widgetCarousel-11-id=1919&amp;do=productWidget-widgetCarousel-11-modal" class="product-name modal-link"
                   data-target="productWidget-widgetCarousel-11-productModal" onclick="kosikAjax.click(this, initModalCarousel(this))">
                    Kotányi Mlýnek Mořská sůl s jodem 92g
                    
                </a></h5>
            <p class="product-item-price ">
                <span class="price-before-discount">
				</span>
                <strong class="price">68,90 Kč</strong>

            </p>
            <p class="product-item-unit">
                    (<strong class="price">748,90 Kč</strong> / kg)
            </p>
                        <div class="product-list-rating">
            </div>
<div id="snippet-productWidget-widgetCarousel-11-buy-1919-quantity">        <div class="product-quantity-control">
            <form action="/delikatesy" method="post" class="ajax" id="frm-productWidget-widgetCarousel-11-buy-1919-quantityForm">
                <input type="text" name="quantity" size="3" id="frm-productWidget-widgetCarousel-11-buy-1919-quantityForm-quantity" data-nette-rules='[{"op":":integer","msg":"Množství musí být číslo."}]' value="1" aria-label="počet k přidání">
                <input type="submit" name="_submit" value="Přidat" class="product-quantity-control-submit plus" aria-label="přidat počet do košíku">
            <input type="hidden" name="do" value="productWidget-widgetCarousel-11-buy-1919-quantityForm-submit"><!--[if IE]><input type=IEbug disabled style="display:none"><![endif]-->
</form>

        </div>
</div>
                <p class="product-incart-info accessible">Produkt nemáte v košíku</p>


        </div>

        
    </div>
    <div id="product-append-21438" class="product-item">
        <div class="product-item-flags">
        </div>
        <div class="product-item-image">
                <a data-href="/delikatesy?productWidget-widgetCarousel-11-id=21438&amp;do=productWidget-widgetCarousel-11-modal"
                   data-target="productWidget-widgetCarousel-11-productModal"
                   data-product-id="21438"
                   data-product-price="39.9"
                   data-page-title="Kotányi Šafrán 0,12g"
                   data-page-path="/produkt/21438-kotanyi-safran-0-12g"
                   data-user-id=""
                   aria-hidden="true"
                   data-kosikmodal-onclose="onProductModalDestroy"
                   onclick="kosikAjax.click(this, initModalCarousel(this))">
                    <img src="https://cdn.kosik.cz/content/product/jpg/list/placeholder.jpg" data-src="https://cdn.kosik.cz/content/product/jpg/list/38691.jpg" alt="Kotányi Šafrán 0,12g" class="loading-images loading-image">
                </a>




        </div>
                <div class="product-item-info">
                <h5><a href="javascript:void(0)" aria-label="Kotányi Šafrán 0,12g" data-href="/delikatesy?productWidget-widgetCarousel-11-id=21438&amp;do=productWidget-widgetCarousel-11-modal" class="product-name modal-link"
                   data-target="productWidget-widgetCarousel-11-productModal" onclick="kosikAjax.click(this, initModalCarousel(this))">
                    Kotányi Šafrán 0,12g
                    
                </a></h5>
            <p class="product-item-price ">
                <span class="price-before-discount">
				</span>
                <strong class="price">39,90 Kč</strong>

            </p>
            <p class="product-item-unit">
                    (<strong class="price">332 500,00 Kč</strong> / kg)
            </p>
                        <div class="product-list-rating">
            </div>
<div id="snippet-productWidget-widgetCarousel-11-buy-21438-quantity">        <div class="product-quantity-control">
            <form action="/delikatesy" method="post" class="ajax" id="frm-productWidget-widgetCarousel-11-buy-21438-quantityForm">
                <input type="text" name="quantity" size="3" id="frm-productWidget-widgetCarousel-11-buy-21438-quantityForm-quantity" data-nette-rules='[{"op":":integer","msg":"Množství musí být číslo."}]' value="1" aria-label="počet k přidání">
                <input type="submit" name="_submit" value="Přidat" class="product-quantity-control-submit plus" aria-label="přidat počet do košíku">
            <input type="hidden" name="do" value="productWidget-widgetCarousel-11-buy-21438-quantityForm-submit"><!--[if IE]><input type=IEbug disabled style="display:none"><![endif]-->
</form>

        </div>
</div>
                <p class="product-incart-info accessible">Produkt nemáte v košíku</p>


        </div>

        
    </div>
    <div id="product-append-1920" class="product-item">
        <div class="product-item-flags">
        </div>
        <div class="product-item-image">
                <a data-href="/delikatesy?productWidget-widgetCarousel-11-id=1920&amp;do=productWidget-widgetCarousel-11-modal"
                   data-target="productWidget-widgetCarousel-11-productModal"
                   data-product-id="1920"
                   data-product-price="79.9"
                   data-page-title="Kotányi Mlýnek Pepř černý 36g"
                   data-page-path="/produkt/1920-kotanyi-mlynek-pepr-cerny-36g"
                   data-user-id=""
                   aria-hidden="true"
                   data-kosikmodal-onclose="onProductModalDestroy"
                   onclick="kosikAjax.click(this, initModalCarousel(this))">
                    <img src="https://cdn.kosik.cz/content/product/jpg/list/placeholder.jpg" data-src="https://cdn.kosik.cz/content/product/jpg/list/2000.jpg" alt="Kotányi Mlýnek Pepř černý 36g" class="loading-images loading-image">
                </a>




        </div>
                <div class="product-item-info">
                <h5><a href="javascript:void(0)" aria-label="Kotányi Mlýnek Pepř černý 36g" data-href="/delikatesy?productWidget-widgetCarousel-11-id=1920&amp;do=productWidget-widgetCarousel-11-modal" class="product-name modal-link"
                   data-target="productWidget-widgetCarousel-11-productModal" onclick="kosikAjax.click(this, initModalCarousel(this))">
                    Kotányi Mlýnek Pepř černý 36g
                    
                </a></h5>
            <p class="product-item-price ">
                <span class="price-before-discount">
				</span>
                <strong class="price">79,90 Kč</strong>

            </p>
            <p class="product-item-unit">
                    (<strong class="price">2 219,40 Kč</strong> / kg)
            </p>
                        <div class="product-list-rating">
            </div>
<div id="snippet-productWidget-widgetCarousel-11-buy-1920-quantity">        <div class="product-quantity-control">
            <form action="/delikatesy" method="post" class="ajax" id="frm-productWidget-widgetCarousel-11-buy-1920-quantityForm">
                <input type="text" name="quantity" size="3" id="frm-productWidget-widgetCarousel-11-buy-1920-quantityForm-quantity" data-nette-rules='[{"op":":integer","msg":"Množství musí být číslo."}]' value="1" aria-label="počet k přidání">
                <input type="submit" name="_submit" value="Přidat" class="product-quantity-control-submit plus" aria-label="přidat počet do košíku">
            <input type="hidden" name="do" value="productWidget-widgetCarousel-11-buy-1920-quantityForm-submit"><!--[if IE]><input type=IEbug disabled style="display:none"><![endif]-->
</form>

        </div>
</div>
                <p class="product-incart-info accessible">Produkt nemáte v košíku</p>


        </div>

        
    </div>
    <div id="product-append-1916" class="product-item">
        <div class="product-item-flags">
        </div>
        <div class="product-item-image">
                <a data-href="/delikatesy?productWidget-widgetCarousel-11-id=1916&amp;do=productWidget-widgetCarousel-11-modal"
                   data-target="productWidget-widgetCarousel-11-productModal"
                   data-product-id="1916"
                   data-product-price="68.9"
                   data-page-title="Kotányi Mlýnek Česnek a bylinky 50g"
                   data-page-path="/produkt/1916-kotanyi-mlynek-cesnek-a-bylinky-50g"
                   data-user-id=""
                   aria-hidden="true"
                   data-kosikmodal-onclose="onProductModalDestroy"
                   onclick="kosikAjax.click(this, initModalCarousel(this))">
                    <img src="https://cdn.kosik.cz/content/product/jpg/list/placeholder.jpg" data-src="https://cdn.kosik.cz/content/product/jpg/list/1996.jpg" alt="Kotányi Mlýnek Česnek a bylinky 50g" class="loading-images loading-image">
                </a>




        </div>
                <div class="product-item-info">
                <h5><a href="javascript:void(0)" aria-label="Kotányi Mlýnek Česnek a bylinky 50g" data-href="/delikatesy?productWidget-widgetCarousel-11-id=1916&amp;do=productWidget-widgetCarousel-11-modal" class="product-name modal-link"
                   data-target="productWidget-widgetCarousel-11-productModal" onclick="kosikAjax.click(this, initModalCarousel(this))">
                    Kotányi Mlýnek Česnek a bylinky 50g
                    
                </a></h5>
            <p class="product-item-price ">
                <span class="price-before-discount">
				</span>
                <strong class="price">68,90 Kč</strong>

            </p>
            <p class="product-item-unit">
                    (<strong class="price">1 378,00 Kč</strong> / kg)
            </p>
                        <div class="product-list-rating">
            </div>
<div id="snippet-productWidget-widgetCarousel-11-buy-1916-quantity">        <div class="product-quantity-control">
            <form action="/delikatesy" method="post" class="ajax" id="frm-productWidget-widgetCarousel-11-buy-1916-quantityForm">
                <input type="text" name="quantity" size="3" id="frm-productWidget-widgetCarousel-11-buy-1916-quantityForm-quantity" data-nette-rules='[{"op":":integer","msg":"Množství musí být číslo."}]' value="1" aria-label="počet k přidání">
                <input type="submit" name="_submit" value="Přidat" class="product-quantity-control-submit plus" aria-label="přidat počet do košíku">
            <input type="hidden" name="do" value="productWidget-widgetCarousel-11-buy-1916-quantityForm-submit"><!--[if IE]><input type=IEbug disabled style="display:none"><![endif]-->
</form>

        </div>
</div>
                <p class="product-incart-info accessible">Produkt nemáte v košíku</p>


        </div>

        
    </div>
    <div id="product-append-21445" class="product-item">
        <div class="product-item-flags">
        </div>
        <div class="product-item-image">
                <a data-href="/delikatesy?productWidget-widgetCarousel-11-id=21445&amp;do=productWidget-widgetCarousel-11-modal"
                   data-target="productWidget-widgetCarousel-11-productModal"
                   data-product-id="21445"
                   data-product-price="68.9"
                   data-page-title="Kotányi Mlýnek Kari 45g"
                   data-page-path="/produkt/21445-kotanyi-mlynek-kari-45g"
                   data-user-id=""
                   aria-hidden="true"
                   data-kosikmodal-onclose="onProductModalDestroy"
                   onclick="kosikAjax.click(this, initModalCarousel(this))">
                    <img src="https://cdn.kosik.cz/content/product/jpg/list/placeholder.jpg" data-src="https://cdn.kosik.cz/content/product/jpg/list/38698.jpg" alt="Kotányi Mlýnek Kari 45g" class="loading-images loading-image">
                </a>




        </div>
                <div class="product-item-info">
                <h5><a href="javascript:void(0)" aria-label="Kotányi Mlýnek Kari 45g" data-href="/delikatesy?productWidget-widgetCarousel-11-id=21445&amp;do=productWidget-widgetCarousel-11-modal" class="product-name modal-link"
                   data-target="productWidget-widgetCarousel-11-productModal" onclick="kosikAjax.click(this, initModalCarousel(this))">
                    Kotányi Mlýnek Kari 45g
                    
                </a></h5>
            <p class="product-item-price ">
                <span class="price-before-discount">
				</span>
                <strong class="price">68,90 Kč</strong>

            </p>
            <p class="product-item-unit">
                    (<strong class="price">1 531,10 Kč</strong> / kg)
            </p>
                        <div class="product-list-rating">
            </div>
<div id="snippet-productWidget-widgetCarousel-11-buy-21445-quantity">        <div class="product-quantity-control">
            <form action="/delikatesy" method="post" class="ajax" id="frm-productWidget-widgetCarousel-11-buy-21445-quantityForm">
                <input type="text" name="quantity" size="3" id="frm-productWidget-widgetCarousel-11-buy-21445-quantityForm-quantity" data-nette-rules='[{"op":":integer","msg":"Množství musí být číslo."}]' value="1" aria-label="počet k přidání">
                <input type="submit" name="_submit" value="Přidat" class="product-quantity-control-submit plus" aria-label="přidat počet do košíku">
            <input type="hidden" name="do" value="productWidget-widgetCarousel-11-buy-21445-quantityForm-submit"><!--[if IE]><input type=IEbug disabled style="display:none"><![endif]-->
</form>

        </div>
</div>
                <p class="product-incart-info accessible">Produkt nemáte v košíku</p>


        </div>

        
    </div>
    <div id="product-append-1917" class="product-item">
        <div class="product-item-flags">
        </div>
        <div class="product-item-image">
                <a data-href="/delikatesy?productWidget-widgetCarousel-11-id=1917&amp;do=productWidget-widgetCarousel-11-modal"
                   data-target="productWidget-widgetCarousel-11-productModal"
                   data-product-id="1917"
                   data-product-price="68.9"
                   data-page-title="Kotányi Mlýnek Chilli s mořskou solí 35g"
                   data-page-path="/produkt/1917-kotanyi-mlynek-chilli-s-morskou-soli-35g"
                   data-user-id=""
                   aria-hidden="true"
                   data-kosikmodal-onclose="onProductModalDestroy"
                   onclick="kosikAjax.click(this, initModalCarousel(this))">
                    <img src="https://cdn.kosik.cz/content/product/jpg/list/placeholder.jpg" data-src="https://cdn.kosik.cz/content/product/jpg/list/1997.jpg" alt="Kotányi Mlýnek Chilli s mořskou solí 35g" class="loading-images loading-image">
                </a>




        </div>
                <div class="product-item-info">
                <h5><a href="javascript:void(0)" aria-label="Kotányi Mlýnek Chilli s mořskou solí 35g" data-href="/delikatesy?productWidget-widgetCarousel-11-id=1917&amp;do=productWidget-widgetCarousel-11-modal" class="product-name modal-link"
                   data-target="productWidget-widgetCarousel-11-productModal" onclick="kosikAjax.click(this, initModalCarousel(this))">
                    Kotányi Mlýnek Chilli s mořskou solí 35g
                    
                </a></h5>
            <p class="product-item-price ">
                <span class="price-before-discount">
				</span>
                <strong class="price">68,90 Kč</strong>

            </p>
            <p class="product-item-unit">
                    (<strong class="price">1 968,60 Kč</strong> / kg)
            </p>
                        <div class="product-list-rating">
            </div>
<div id="snippet-productWidget-widgetCarousel-11-buy-1917-quantity">        <div class="product-quantity-control">
            <form action="/delikatesy" method="post" class="ajax" id="frm-productWidget-widgetCarousel-11-buy-1917-quantityForm">
                <input type="text" name="quantity" size="3" id="frm-productWidget-widgetCarousel-11-buy-1917-quantityForm-quantity" data-nette-rules='[{"op":":integer","msg":"Množství musí být číslo."}]' value="1" aria-label="počet k přidání">
                <input type="submit" name="_submit" value="Přidat" class="product-quantity-control-submit plus" aria-label="přidat počet do košíku">
            <input type="hidden" name="do" value="productWidget-widgetCarousel-11-buy-1917-quantityForm-submit"><!--[if IE]><input type=IEbug disabled style="display:none"><![endif]-->
</form>

        </div>
</div>
                <p class="product-incart-info accessible">Produkt nemáte v košíku</p>


        </div>

        
    </div>
    <div id="product-append-1918" class="product-item">
        <div class="product-item-flags">
        </div>
        <div class="product-item-image">
                <a data-href="/delikatesy?productWidget-widgetCarousel-11-id=1918&amp;do=productWidget-widgetCarousel-11-modal"
                   data-target="productWidget-widgetCarousel-11-productModal"
                   data-product-id="1918"
                   data-product-price="68.9"
                   data-page-title="Kotányi Mlýnek Bylinky Italské 48g"
                   data-page-path="/produkt/1918-kotanyi-mlynek-bylinky-italske-48g"
                   data-user-id=""
                   aria-hidden="true"
                   data-kosikmodal-onclose="onProductModalDestroy"
                   onclick="kosikAjax.click(this, initModalCarousel(this))">
                    <img src="https://cdn.kosik.cz/content/product/jpg/list/placeholder.jpg" data-src="https://cdn.kosik.cz/content/product/jpg/list/1998.jpg" alt="Kotányi Mlýnek Bylinky Italské 48g" class="loading-images loading-image">
                </a>




        </div>
                <div class="product-item-info">
                <h5><a href="javascript:void(0)" aria-label="Kotányi Mlýnek Bylinky Italské 48g" data-href="/delikatesy?productWidget-widgetCarousel-11-id=1918&amp;do=productWidget-widgetCarousel-11-modal" class="product-name modal-link"
                   data-target="productWidget-widgetCarousel-11-productModal" onclick="kosikAjax.click(this, initModalCarousel(this))">
                    Kotányi Mlýnek Bylinky Italské 48g
                    
                </a></h5>
            <p class="product-item-price ">
                <span class="price-before-discount">
				</span>
                <strong class="price">68,90 Kč</strong>

            </p>
            <p class="product-item-unit">
                    (<strong class="price">1 435,40 Kč</strong> / kg)
            </p>
                        <div class="product-list-rating">
            </div>
<div id="snippet-productWidget-widgetCarousel-11-buy-1918-quantity">        <div class="product-quantity-control">
            <form action="/delikatesy" method="post" class="ajax" id="frm-productWidget-widgetCarousel-11-buy-1918-quantityForm">
                <input type="text" name="quantity" size="3" id="frm-productWidget-widgetCarousel-11-buy-1918-quantityForm-quantity" data-nette-rules='[{"op":":integer","msg":"Množství musí být číslo."}]' value="1" aria-label="počet k přidání">
                <input type="submit" name="_submit" value="Přidat" class="product-quantity-control-submit plus" aria-label="přidat počet do košíku">
            <input type="hidden" name="do" value="productWidget-widgetCarousel-11-buy-1918-quantityForm-submit"><!--[if IE]><input type=IEbug disabled style="display:none"><![endif]-->
</form>

        </div>
</div>
                <p class="product-incart-info accessible">Produkt nemáte v košíku</p>


        </div>

        
    </div>
    <div id="product-append-21457" class="product-item">
        <div class="product-item-flags">
        </div>
        <div class="product-item-image">
                <a data-href="/delikatesy?productWidget-widgetCarousel-11-id=21457&amp;do=productWidget-widgetCarousel-11-modal"
                   data-target="productWidget-widgetCarousel-11-productModal"
                   data-product-id="21457"
                   data-product-price="61.9"
                   data-page-title="Kotányi Mlýnek řecké bylinky 40g"
                   data-page-path="/produkt/21457-kotanyi-mlynek-recke-bylinky-40g"
                   data-user-id=""
                   aria-hidden="true"
                   data-kosikmodal-onclose="onProductModalDestroy"
                   onclick="kosikAjax.click(this, initModalCarousel(this))">
                    <img src="https://cdn.kosik.cz/content/product/jpg/list/placeholder.jpg" data-src="https://cdn.kosik.cz/content/product/jpg/list/38710.jpg" alt="Kotányi Mlýnek řecké bylinky 40g" class="loading-images loading-image">
                </a>




        </div>
                <div class="product-item-info">
                <h5><a href="javascript:void(0)" aria-label="Kotányi Mlýnek řecké bylinky 40g" data-href="/delikatesy?productWidget-widgetCarousel-11-id=21457&amp;do=productWidget-widgetCarousel-11-modal" class="product-name modal-link"
                   data-target="productWidget-widgetCarousel-11-productModal" onclick="kosikAjax.click(this, initModalCarousel(this))">
                    Kotányi Mlýnek řecké bylinky 40g
                    
                </a></h5>
            <p class="product-item-price ">
                <span class="price-before-discount">
				</span>
                <strong class="price">61,90 Kč</strong>

            </p>
            <p class="product-item-unit">
                    (<strong class="price">1 547,50 Kč</strong> / kg)
            </p>
                        <div class="product-list-rating">
            </div>
<div id="snippet-productWidget-widgetCarousel-11-buy-21457-quantity">        <div class="product-quantity-control">
            <form action="/delikatesy" method="post" class="ajax" id="frm-productWidget-widgetCarousel-11-buy-21457-quantityForm">
                <input type="text" name="quantity" size="3" id="frm-productWidget-widgetCarousel-11-buy-21457-quantityForm-quantity" data-nette-rules='[{"op":":integer","msg":"Množství musí být číslo."}]' value="1" aria-label="počet k přidání">
                <input type="submit" name="_submit" value="Přidat" class="product-quantity-control-submit plus" aria-label="přidat počet do košíku">
            <input type="hidden" name="do" value="productWidget-widgetCarousel-11-buy-21457-quantityForm-submit"><!--[if IE]><input type=IEbug disabled style="display:none"><![endif]-->
</form>

        </div>
</div>
                <p class="product-incart-info accessible">Produkt nemáte v košíku</p>


        </div>

        
    </div>
    <div id="product-append-1921" class="product-item">
        <div class="product-item-flags">
        </div>
        <div class="product-item-image">
                <a data-href="/delikatesy?productWidget-widgetCarousel-11-id=1921&amp;do=productWidget-widgetCarousel-11-modal"
                   data-target="productWidget-widgetCarousel-11-productModal"
                   data-product-id="1921"
                   data-product-price="68.9"
                   data-page-title="Kotányi Mlýnek Provensálské bylinky 33g"
                   data-page-path="/produkt/1921-kotanyi-mlynek-provensalske-bylinky-33g"
                   data-user-id=""
                   aria-hidden="true"
                   data-kosikmodal-onclose="onProductModalDestroy"
                   onclick="kosikAjax.click(this, initModalCarousel(this))">
                    <img src="https://cdn.kosik.cz/content/product/jpg/list/placeholder.jpg" data-src="https://cdn.kosik.cz/content/product/jpg/list/2001.jpg" alt="Kotányi Mlýnek Provensálské bylinky 33g" class="loading-images loading-image">
                </a>




        </div>
                <div class="product-item-info">
                <h5><a href="javascript:void(0)" aria-label="Kotányi Mlýnek Provensálské bylinky 33g" data-href="/delikatesy?productWidget-widgetCarousel-11-id=1921&amp;do=productWidget-widgetCarousel-11-modal" class="product-name modal-link"
                   data-target="productWidget-widgetCarousel-11-productModal" onclick="kosikAjax.click(this, initModalCarousel(this))">
                    Kotányi Mlýnek Provensálské bylinky 33g
                    
                </a></h5>
            <p class="product-item-price ">
                <span class="price-before-discount">
				</span>
                <strong class="price">68,90 Kč</strong>

            </p>
            <p class="product-item-unit">
                    (<strong class="price">2 087,90 Kč</strong> / kg)
            </p>
                        <div class="product-list-rating">
            </div>
<div id="snippet-productWidget-widgetCarousel-11-buy-1921-quantity">        <div class="product-quantity-control">
            <form action="/delikatesy" method="post" class="ajax" id="frm-productWidget-widgetCarousel-11-buy-1921-quantityForm">
                <input type="text" name="quantity" size="3" id="frm-productWidget-widgetCarousel-11-buy-1921-quantityForm-quantity" data-nette-rules='[{"op":":integer","msg":"Množství musí být číslo."}]' value="1" aria-label="počet k přidání">
                <input type="submit" name="_submit" value="Přidat" class="product-quantity-control-submit plus" aria-label="přidat počet do košíku">
            <input type="hidden" name="do" value="productWidget-widgetCarousel-11-buy-1921-quantityForm-submit"><!--[if IE]><input type=IEbug disabled style="display:none"><![endif]-->
</form>

        </div>
</div>
                <p class="product-incart-info accessible">Produkt nemáte v košíku</p>


        </div>

        
    </div>
    <div id="product-append-21456" class="product-item">
        <div class="product-item-flags">
        </div>
        <div class="product-item-image">
                <a data-href="/delikatesy?productWidget-widgetCarousel-11-id=21456&amp;do=productWidget-widgetCarousel-11-modal"
                   data-target="productWidget-widgetCarousel-11-productModal"
                   data-product-id="21456"
                   data-product-price="68.9"
                   data-page-title="Kotányi Mlýnek pepř a sůl 65g"
                   data-page-path="/produkt/21456-kotanyi-mlynek-pepr-a-sul-65g"
                   data-user-id=""
                   aria-hidden="true"
                   data-kosikmodal-onclose="onProductModalDestroy"
                   onclick="kosikAjax.click(this, initModalCarousel(this))">
                    <img src="https://cdn.kosik.cz/content/product/jpg/list/placeholder.jpg" data-src="https://cdn.kosik.cz/content/product/jpg/list/38709.jpg" alt="Kotányi Mlýnek pepř a sůl 65g" class="loading-images loading-image">
                </a>




        </div>
                <div class="product-item-info">
                <h5><a href="javascript:void(0)" aria-label="Kotányi Mlýnek pepř a sůl 65g" data-href="/delikatesy?productWidget-widgetCarousel-11-id=21456&amp;do=productWidget-widgetCarousel-11-modal" class="product-name modal-link"
                   data-target="productWidget-widgetCarousel-11-productModal" onclick="kosikAjax.click(this, initModalCarousel(this))">
                    Kotányi Mlýnek pepř a sůl 65g
                    
                </a></h5>
            <p class="product-item-price ">
                <span class="price-before-discount">
				</span>
                <strong class="price">68,90 Kč</strong>

            </p>
            <p class="product-item-unit">
                    (<strong class="price">1 060,00 Kč</strong> / kg)
            </p>
                        <div class="product-list-rating">
            </div>
<div id="snippet-productWidget-widgetCarousel-11-buy-21456-quantity">        <div class="product-quantity-control">
            <form action="/delikatesy" method="post" class="ajax" id="frm-productWidget-widgetCarousel-11-buy-21456-quantityForm">
                <input type="text" name="quantity" size="3" id="frm-productWidget-widgetCarousel-11-buy-21456-quantityForm-quantity" data-nette-rules='[{"op":":integer","msg":"Množství musí být číslo."}]' value="1" aria-label="počet k přidání">
                <input type="submit" name="_submit" value="Přidat" class="product-quantity-control-submit plus" aria-label="přidat počet do košíku">
            <input type="hidden" name="do" value="productWidget-widgetCarousel-11-buy-21456-quantityForm-submit"><!--[if IE]><input type=IEbug disabled style="display:none"><![endif]-->
</form>

        </div>
</div>
                <p class="product-incart-info accessible">Produkt nemáte v košíku</p>


        </div>

        
    </div>
</div>

<div class="kosik-modal-overlay product-modal" id="productWidget-widgetCarousel-11-productModal" role="dialog">
    <div class="kosik-modal-inner large super-scaled" id="snippet-productWidget-widgetCarousel-11-productModalArea">
    </div>
</div>


<div class="kosik-modal-overlay" id="productWidget-widgetCarousel-11-productSetModal" role="dialog">
    <div class="kosik-modal-inner large super-scaled" id="snippet-productWidget-widgetCarousel-11-productSetModalArea">
    </div>
</div>
			</div>
		</div>
		<div class="region region-carousel region-products no-aside product-widget">
			<div class="home-product-widget region-inner region-products-inner slick-carousel" data-open="3" data-close="4">
				<div class="block block-title">
					<h3>Ořechy a sušené ovoce</h3>
				</div>
<script async>

    var onProductModalDestroy = function() {

    	var pageData = window.dataLayer[0];

        pageData["event"] = "ga.pageview";
        pageData["pagePath"] = window.location.pathname;
        pageData["pageTitle"] = window.document.title;

	    dataLayer.push(pageData);
    };
</script>
<div class="block block-product-items product-items" data-ajax-append="product-item" id="snippet-productWidget-widgetCarousel-12-productListArea">
    <div id="product-append-25493" class="product-item">
        <div class="product-item-flags">
        </div>
        <div class="product-item-image">
                <a data-href="/delikatesy?productWidget-widgetCarousel-12-id=25493&amp;do=productWidget-widgetCarousel-12-modal"
                   data-target="productWidget-widgetCarousel-12-productModal"
                   data-product-id="25493"
                   data-product-price="86.9"
                   data-page-title="Diana Para ořechy 100 g"
                   data-page-path="/produkt/25493-diana-para-orechy-100-g"
                   data-user-id=""
                   aria-hidden="true"
                   data-kosikmodal-onclose="onProductModalDestroy"
                   onclick="kosikAjax.click(this, initModalCarousel(this))">
                    <img src="https://cdn.kosik.cz/content/product/jpg/list/placeholder.jpg" data-src="https://cdn.kosik.cz/content/product/jpg/list/42773.jpg" alt="Diana Para ořechy 100 g" class="loading-images loading-image">
                </a>




        </div>
                <div class="product-item-info">
                <h5><a href="javascript:void(0)" aria-label="Diana Para ořechy 100 g" data-href="/delikatesy?productWidget-widgetCarousel-12-id=25493&amp;do=productWidget-widgetCarousel-12-modal" class="product-name modal-link"
                   data-target="productWidget-widgetCarousel-12-productModal" onclick="kosikAjax.click(this, initModalCarousel(this))">
                    Diana Para ořechy 100 g
                    
                </a></h5>
            <p class="product-item-price ">
                <span class="price-before-discount">
				</span>
                <strong class="price">86,90 Kč</strong>

            </p>
            <p class="product-item-unit">
                    (<strong class="price">869,00 Kč</strong> / kg)
            </p>
                        <div class="product-list-rating">
            </div>
<div id="snippet-productWidget-widgetCarousel-12-buy-25493-quantity">        <div class="product-quantity-control">
            <form action="/delikatesy" method="post" class="ajax" id="frm-productWidget-widgetCarousel-12-buy-25493-quantityForm">
                <input type="text" name="quantity" size="3" id="frm-productWidget-widgetCarousel-12-buy-25493-quantityForm-quantity" data-nette-rules='[{"op":":integer","msg":"Množství musí být číslo."}]' value="1" aria-label="počet k přidání">
                <input type="submit" name="_submit" value="Přidat" class="product-quantity-control-submit plus" aria-label="přidat počet do košíku">
            <input type="hidden" name="do" value="productWidget-widgetCarousel-12-buy-25493-quantityForm-submit"><!--[if IE]><input type=IEbug disabled style="display:none"><![endif]-->
</form>

        </div>
</div>
                <p class="product-incart-info accessible">Produkt nemáte v košíku</p>


        </div>

        
    </div>
    <div id="product-append-25501" class="product-item">
        <div class="product-item-flags">
        </div>
        <div class="product-item-image">
                <a data-href="/delikatesy?productWidget-widgetCarousel-12-id=25501&amp;do=productWidget-widgetCarousel-12-modal"
                   data-target="productWidget-widgetCarousel-12-productModal"
                   data-product-id="25501"
                   data-product-price="54.9"
                   data-page-title="Diana Pistácie pražené solené 100 g"
                   data-page-path="/produkt/25501-diana-pistacie-prazene-solene-100-g"
                   data-user-id=""
                   aria-hidden="true"
                   data-kosikmodal-onclose="onProductModalDestroy"
                   onclick="kosikAjax.click(this, initModalCarousel(this))">
                    <img src="https://cdn.kosik.cz/content/product/jpg/list/placeholder.jpg" data-src="https://cdn.kosik.cz/content/product/jpg/list/42781.jpg" alt="Diana Pistácie pražené solené 100 g" class="loading-images loading-image">
                </a>




        </div>
                <div class="product-item-info">
                <h5><a href="javascript:void(0)" aria-label="Diana Pistácie pražené solené 100 g" data-href="/delikatesy?productWidget-widgetCarousel-12-id=25501&amp;do=productWidget-widgetCarousel-12-modal" class="product-name modal-link"
                   data-target="productWidget-widgetCarousel-12-productModal" onclick="kosikAjax.click(this, initModalCarousel(this))">
                    Diana Pistácie pražené solené 100 g
                    
                </a></h5>
            <p class="product-item-price ">
                <span class="price-before-discount">
				</span>
                <strong class="price">54,90 Kč</strong>

            </p>
            <p class="product-item-unit">
                    (<strong class="price">549,00 Kč</strong> / kg)
            </p>
                        <div class="product-list-rating">
            </div>
<div id="snippet-productWidget-widgetCarousel-12-buy-25501-quantity">        <div class="product-quantity-control">
            <form action="/delikatesy" method="post" class="ajax" id="frm-productWidget-widgetCarousel-12-buy-25501-quantityForm">
                <input type="text" name="quantity" size="3" id="frm-productWidget-widgetCarousel-12-buy-25501-quantityForm-quantity" data-nette-rules='[{"op":":integer","msg":"Množství musí být číslo."}]' value="1" aria-label="počet k přidání">
                <input type="submit" name="_submit" value="Přidat" class="product-quantity-control-submit plus" aria-label="přidat počet do košíku">
            <input type="hidden" name="do" value="productWidget-widgetCarousel-12-buy-25501-quantityForm-submit"><!--[if IE]><input type=IEbug disabled style="display:none"><![endif]-->
</form>

        </div>
</div>
                <p class="product-incart-info accessible">Produkt nemáte v košíku</p>


        </div>

        
    </div>
    <div id="product-append-25500" class="product-item">
        <div class="product-item-flags">
        </div>
        <div class="product-item-image">
                <a data-href="/delikatesy?productWidget-widgetCarousel-12-id=25500&amp;do=productWidget-widgetCarousel-12-modal"
                   data-target="productWidget-widgetCarousel-12-productModal"
                   data-product-id="25500"
                   data-product-price="78.9"
                   data-page-title="Diana Jahodové plátky lyofilizované 35g"
                   data-page-path="/produkt/25500-diana-jahodove-platky-lyofilizovane-35g"
                   data-user-id=""
                   aria-hidden="true"
                   data-kosikmodal-onclose="onProductModalDestroy"
                   onclick="kosikAjax.click(this, initModalCarousel(this))">
                    <img src="https://cdn.kosik.cz/content/product/jpg/list/placeholder.jpg" data-src="https://cdn.kosik.cz/content/product/jpg/list/42780.jpg" alt="Diana Jahodové plátky lyofilizované 35g" class="loading-images loading-image">
                </a>




        </div>
                <div class="product-item-info">
                <h5><a href="javascript:void(0)" aria-label="Diana Jahodové plátky lyofilizované 35g" data-href="/delikatesy?productWidget-widgetCarousel-12-id=25500&amp;do=productWidget-widgetCarousel-12-modal" class="product-name modal-link"
                   data-target="productWidget-widgetCarousel-12-productModal" onclick="kosikAjax.click(this, initModalCarousel(this))">
                    Diana Jahodové plátky lyofilizované 35g
                    
                </a></h5>
            <p class="product-item-price ">
                <span class="price-before-discount">
				</span>
                <strong class="price">78,90 Kč</strong>

            </p>
            <p class="product-item-unit">
                    (<strong class="price">2 254,30 Kč</strong> / kg)
            </p>
                        <div class="product-list-rating">
            </div>
<div id="snippet-productWidget-widgetCarousel-12-buy-25500-quantity">        <div class="product-quantity-control">
            <form action="/delikatesy" method="post" class="ajax" id="frm-productWidget-widgetCarousel-12-buy-25500-quantityForm">
                <input type="text" name="quantity" size="3" id="frm-productWidget-widgetCarousel-12-buy-25500-quantityForm-quantity" data-nette-rules='[{"op":":integer","msg":"Množství musí být číslo."}]' value="1" aria-label="počet k přidání">
                <input type="submit" name="_submit" value="Přidat" class="product-quantity-control-submit plus" aria-label="přidat počet do košíku">
            <input type="hidden" name="do" value="productWidget-widgetCarousel-12-buy-25500-quantityForm-submit"><!--[if IE]><input type=IEbug disabled style="display:none"><![endif]-->
</form>

        </div>
</div>
                <p class="product-incart-info accessible">Produkt nemáte v košíku</p>


        </div>

        
    </div>
    <div id="product-append-43158" class="product-item">
        <div class="product-item-flags">
        </div>
        <div class="product-item-image">
                <a data-href="/delikatesy?productWidget-widgetCarousel-12-id=43158&amp;do=productWidget-widgetCarousel-12-modal"
                   data-target="productWidget-widgetCarousel-12-productModal"
                   data-product-id="43158"
                   data-product-price="45.99"
                   data-page-title="Medjoul Datle čerstvé medové BIO (cca 100g)"
                   data-page-path="/produkt/43158-medjoul-datle-cerstve-medove-bio-cca-100g"
                   data-user-id=""
                   aria-hidden="true"
                   data-kosikmodal-onclose="onProductModalDestroy"
                   onclick="kosikAjax.click(this, initModalCarousel(this))">
                    <img src="https://cdn.kosik.cz/content/product/jpg/list/placeholder.jpg" data-src="https://cdn.kosik.cz/content/product/jpg/list/60875.jpg" alt="Medjoul Datle čerstvé medové BIO (cca 100g)" class="loading-images loading-image">
                </a>




        </div>
                <div class="product-item-info">
                <h5><a href="javascript:void(0)" aria-label="Medjoul Datle čerstvé medové BIO (cca 100g)" data-href="/delikatesy?productWidget-widgetCarousel-12-id=43158&amp;do=productWidget-widgetCarousel-12-modal" class="product-name modal-link"
                   data-target="productWidget-widgetCarousel-12-productModal" onclick="kosikAjax.click(this, initModalCarousel(this))">
                    Medjoul Datle čerstvé medové BIO (cca 100g)
                    
                </a></h5>
            <p class="product-item-price ">
                <span class="price-before-discount">
				</span>
                <small class="circa-prefix">cca </small>
                <strong class="price">46,00 Kč</strong>

            </p>
            <p class="product-item-unit">
                    (<strong class="price">459,90 Kč</strong> / kg)
            </p>
                        <div class="product-list-rating">
            </div>
<div id="snippet-productWidget-widgetCarousel-12-buy-43158-quantity">        <div class="product-quantity-control">
            <form action="/delikatesy" method="post" class="ajax" id="frm-productWidget-widgetCarousel-12-buy-43158-quantityForm">
                <input type="text" name="quantity" size="3" id="frm-productWidget-widgetCarousel-12-buy-43158-quantityForm-quantity" data-nette-rules='[{"op":":integer","msg":"Množství musí být číslo."}]' value="1" aria-label="počet k přidání">
                <input type="submit" name="_submit" value="Přidat" class="product-quantity-control-submit plus" aria-label="přidat počet do košíku">
            <input type="hidden" name="do" value="productWidget-widgetCarousel-12-buy-43158-quantityForm-submit"><!--[if IE]><input type=IEbug disabled style="display:none"><![endif]-->
</form>

        </div>
</div>
                <p class="product-incart-info accessible">Produkt nemáte v košíku</p>


        </div>

        
    </div>
    <div id="product-append-25474" class="product-item">
        <div class="product-item-flags">
        </div>
        <div class="product-item-image">
                <a data-href="/delikatesy?productWidget-widgetCarousel-12-id=25474&amp;do=productWidget-widgetCarousel-12-modal"
                   data-target="productWidget-widgetCarousel-12-productModal"
                   data-product-id="25474"
                   data-product-price="112.5"
                   data-page-title="Diana Makadam natural 100g"
                   data-page-path="/produkt/25474-diana-makadam-natural-100g"
                   data-user-id=""
                   aria-hidden="true"
                   data-kosikmodal-onclose="onProductModalDestroy"
                   onclick="kosikAjax.click(this, initModalCarousel(this))">
                    <img src="https://cdn.kosik.cz/content/product/jpg/list/placeholder.jpg" data-src="https://cdn.kosik.cz/content/product/jpg/list/42754.jpg" alt="Diana Makadam natural 100g" class="loading-images loading-image">
                </a>




        </div>
                <div class="product-item-info">
                <h5><a href="javascript:void(0)" aria-label="Diana Makadam natural 100g" data-href="/delikatesy?productWidget-widgetCarousel-12-id=25474&amp;do=productWidget-widgetCarousel-12-modal" class="product-name modal-link"
                   data-target="productWidget-widgetCarousel-12-productModal" onclick="kosikAjax.click(this, initModalCarousel(this))">
                    Diana Makadam natural 100g
                    
                </a></h5>
            <p class="product-item-price ">
                <span class="price-before-discount">
				</span>
                <strong class="price">112,50 Kč</strong>

            </p>
            <p class="product-item-unit">
                    (<strong class="price">1 125,00 Kč</strong> / kg)
            </p>
                        <div class="product-list-rating">
            </div>
<div id="snippet-productWidget-widgetCarousel-12-buy-25474-quantity">        <div class="product-quantity-control">
            <form action="/delikatesy" method="post" class="ajax" id="frm-productWidget-widgetCarousel-12-buy-25474-quantityForm">
                <input type="text" name="quantity" size="3" id="frm-productWidget-widgetCarousel-12-buy-25474-quantityForm-quantity" data-nette-rules='[{"op":":integer","msg":"Množství musí být číslo."}]' value="1" aria-label="počet k přidání">
                <input type="submit" name="_submit" value="Přidat" class="product-quantity-control-submit plus" aria-label="přidat počet do košíku">
            <input type="hidden" name="do" value="productWidget-widgetCarousel-12-buy-25474-quantityForm-submit"><!--[if IE]><input type=IEbug disabled style="display:none"><![endif]-->
</form>

        </div>
</div>
                <p class="product-incart-info accessible">Produkt nemáte v košíku</p>


        </div>

        
    </div>
    <div id="product-append-25559" class="product-item">
        <div class="product-item-flags">
        </div>
        <div class="product-item-image">
                <a data-href="/delikatesy?productWidget-widgetCarousel-12-id=25559&amp;do=productWidget-widgetCarousel-12-modal"
                   data-target="productWidget-widgetCarousel-12-productModal"
                   data-product-id="25559"
                   data-product-price="36.9"
                   data-page-title="Diana Pomerančová kůra v polevě z hořké čokolády 100g"
                   data-page-path="/produkt/25559-diana-pomerancova-kura-v-poleve-z-horke-cokolady-100g"
                   data-user-id=""
                   aria-hidden="true"
                   data-kosikmodal-onclose="onProductModalDestroy"
                   onclick="kosikAjax.click(this, initModalCarousel(this))">
                    <img src="https://cdn.kosik.cz/content/product/jpg/list/placeholder.jpg" data-src="https://cdn.kosik.cz/content/product/jpg/list/42839.jpg" alt="Diana Pomerančová kůra v polevě z hořké čokolády 100g" class="loading-images loading-image">
                </a>




        </div>
                <div class="product-item-info">
                <h5><a href="javascript:void(0)" aria-label="Diana Pomerančová kůra v polevě z hořké čokolády 100g" data-href="/delikatesy?productWidget-widgetCarousel-12-id=25559&amp;do=productWidget-widgetCarousel-12-modal" class="product-name modal-link"
                   data-target="productWidget-widgetCarousel-12-productModal" onclick="kosikAjax.click(this, initModalCarousel(this))">
                    Diana Pomerančová kůra v polevě z hořké čokolády 100g
                    
                </a></h5>
            <p class="product-item-price ">
                <span class="price-before-discount">
				</span>
                <strong class="price">36,90 Kč</strong>

            </p>
            <p class="product-item-unit">
                    (<strong class="price">369,00 Kč</strong> / kg)
            </p>
                        <div class="product-list-rating">
            </div>
<div id="snippet-productWidget-widgetCarousel-12-buy-25559-quantity">        <div class="product-quantity-control">
            <form action="/delikatesy" method="post" class="ajax" id="frm-productWidget-widgetCarousel-12-buy-25559-quantityForm">
                <input type="text" name="quantity" size="3" id="frm-productWidget-widgetCarousel-12-buy-25559-quantityForm-quantity" data-nette-rules='[{"op":":integer","msg":"Množství musí být číslo."}]' value="1" aria-label="počet k přidání">
                <input type="submit" name="_submit" value="Přidat" class="product-quantity-control-submit plus" aria-label="přidat počet do košíku">
            <input type="hidden" name="do" value="productWidget-widgetCarousel-12-buy-25559-quantityForm-submit"><!--[if IE]><input type=IEbug disabled style="display:none"><![endif]-->
</form>

        </div>
</div>
                <p class="product-incart-info accessible">Produkt nemáte v košíku</p>


        </div>

        
    </div>
    <div id="product-append-25309" class="product-item">
        <div class="product-item-flags">
        </div>
        <div class="product-item-image">
                <a data-href="/delikatesy?productWidget-widgetCarousel-12-id=25309&amp;do=productWidget-widgetCarousel-12-modal"
                   data-target="productWidget-widgetCarousel-12-productModal"
                   data-product-id="25309"
                   data-product-price="44.9"
                   data-page-title="Diana Goji (kustovnice čínská) 100g"
                   data-page-path="/produkt/25309-diana-goji-kustovnice-cinska-100g"
                   data-user-id=""
                   aria-hidden="true"
                   data-kosikmodal-onclose="onProductModalDestroy"
                   onclick="kosikAjax.click(this, initModalCarousel(this))">
                    <img src="https://cdn.kosik.cz/content/product/jpg/list/placeholder.jpg" data-src="https://cdn.kosik.cz/content/product/jpg/list/42587.jpg" alt="Diana Goji (kustovnice čínská) 100g" class="loading-images loading-image">
                </a>




        </div>
                <div class="product-item-info">
                <h5><a href="javascript:void(0)" aria-label="Diana Goji (kustovnice čínská) 100g" data-href="/delikatesy?productWidget-widgetCarousel-12-id=25309&amp;do=productWidget-widgetCarousel-12-modal" class="product-name modal-link"
                   data-target="productWidget-widgetCarousel-12-productModal" onclick="kosikAjax.click(this, initModalCarousel(this))">
                    Diana Goji (kustovnice čínská) 100g
                    
                </a></h5>
            <p class="product-item-price ">
                <span class="price-before-discount">
				</span>
                <strong class="price">44,90 Kč</strong>

            </p>
            <p class="product-item-unit">
                    (<strong class="price">449,00 Kč</strong> / kg)
            </p>
                        <div class="product-list-rating">
            </div>
<div id="snippet-productWidget-widgetCarousel-12-buy-25309-quantity">        <div class="product-quantity-control">
            <form action="/delikatesy" method="post" class="ajax" id="frm-productWidget-widgetCarousel-12-buy-25309-quantityForm">
                <input type="text" name="quantity" size="3" id="frm-productWidget-widgetCarousel-12-buy-25309-quantityForm-quantity" data-nette-rules='[{"op":":integer","msg":"Množství musí být číslo."}]' value="1" aria-label="počet k přidání">
                <input type="submit" name="_submit" value="Přidat" class="product-quantity-control-submit plus" aria-label="přidat počet do košíku">
            <input type="hidden" name="do" value="productWidget-widgetCarousel-12-buy-25309-quantityForm-submit"><!--[if IE]><input type=IEbug disabled style="display:none"><![endif]-->
</form>

        </div>
</div>
                <p class="product-incart-info accessible">Produkt nemáte v košíku</p>


        </div>

        
    </div>
    <div id="product-append-25505" class="product-item">
        <div class="product-item-flags">
            <div class="flag-sale ">
                <span class="percents">27<small>&#37;</small></span>
            </div>
        </div>
        <div class="product-item-image">
                <a data-href="/delikatesy?productWidget-widgetCarousel-12-id=25505&amp;do=productWidget-widgetCarousel-12-modal"
                   data-target="productWidget-widgetCarousel-12-productModal"
                   data-product-id="25505"
                   data-product-price="59.9"
                   data-page-title="Klikva velkoplodá celá organická 100g"
                   data-page-path="/produkt/25505-klikva-velkoploda-cela-organicka-100g"
                   data-user-id=""
                   aria-hidden="true"
                   data-kosikmodal-onclose="onProductModalDestroy"
                   onclick="kosikAjax.click(this, initModalCarousel(this))">
                    <img src="https://cdn.kosik.cz/content/product/jpg/list/placeholder.jpg" data-src="https://cdn.kosik.cz/content/product/jpg/list/42785.jpg" alt="Klikva velkoplodá celá organická 100g" class="loading-images loading-image">
                </a>




        </div>
                <div class="product-item-info">
                <h5><a href="javascript:void(0)" aria-label="Klikva velkoplodá celá organická 100g" data-href="/delikatesy?productWidget-widgetCarousel-12-id=25505&amp;do=productWidget-widgetCarousel-12-modal" class="product-name modal-link"
                   data-target="productWidget-widgetCarousel-12-productModal" onclick="kosikAjax.click(this, initModalCarousel(this))">
                    Klikva velkoplodá celá organická 100g
                    
                </a></h5>
            <p class="product-item-price product-in-discount">
                <span class="price-before-discount">
					<span><strong class="price">59,90 Kč</strong></span>
				</span>
                <strong class="price">43,90 Kč</strong>

            </p>
            <p class="product-item-unit">
                    (<strong class="price">439,00 Kč</strong> / kg)
            </p>
                        <div class="product-list-rating">
            </div>
<div id="snippet-productWidget-widgetCarousel-12-buy-25505-quantity">        <div class="product-quantity-control">
            <form action="/delikatesy" method="post" class="ajax" id="frm-productWidget-widgetCarousel-12-buy-25505-quantityForm">
                <input type="text" name="quantity" size="3" id="frm-productWidget-widgetCarousel-12-buy-25505-quantityForm-quantity" data-nette-rules='[{"op":":integer","msg":"Množství musí být číslo."}]' value="1" aria-label="počet k přidání">
                <input type="submit" name="_submit" value="Přidat" class="product-quantity-control-submit plus" aria-label="přidat počet do košíku">
            <input type="hidden" name="do" value="productWidget-widgetCarousel-12-buy-25505-quantityForm-submit"><!--[if IE]><input type=IEbug disabled style="display:none"><![endif]-->
</form>

        </div>
</div>
                <p class="product-incart-info accessible">Produkt nemáte v košíku</p>


        </div>

        
    </div>
    <div id="product-append-43422" class="product-item">
        <div class="product-item-flags">
        </div>
        <div class="product-item-image">
                <a data-href="/delikatesy?productWidget-widgetCarousel-12-id=43422&amp;do=productWidget-widgetCarousel-12-modal"
                   data-target="productWidget-widgetCarousel-12-productModal"
                   data-product-id="43422"
                   data-product-price="44.9"
                   data-page-title="Diana Mandle v karamelu s mořskou solí 100g"
                   data-page-path="/produkt/43422-diana-mandle-v-karamelu-s-morskou-soli-100g"
                   data-user-id=""
                   aria-hidden="true"
                   data-kosikmodal-onclose="onProductModalDestroy"
                   onclick="kosikAjax.click(this, initModalCarousel(this))">
                    <img src="https://cdn.kosik.cz/content/product/jpg/list/placeholder.jpg" data-src="https://cdn.kosik.cz/content/product/jpg/list/61139.jpg" alt="Diana Mandle v karamelu s mořskou solí 100g" class="loading-images loading-image">
                </a>




        </div>
                <div class="product-item-info">
                <h5><a href="javascript:void(0)" aria-label="Diana Mandle v karamelu s mořskou solí 100g" data-href="/delikatesy?productWidget-widgetCarousel-12-id=43422&amp;do=productWidget-widgetCarousel-12-modal" class="product-name modal-link"
                   data-target="productWidget-widgetCarousel-12-productModal" onclick="kosikAjax.click(this, initModalCarousel(this))">
                    Diana Mandle v karamelu s mořskou solí 100g
                    
                </a></h5>
            <p class="product-item-price ">
                <span class="price-before-discount">
				</span>
                <strong class="price">44,90 Kč</strong>

            </p>
            <p class="product-item-unit">
                    (<strong class="price">0,40 Kč</strong> / g)
            </p>
                        <div class="product-list-rating">
            </div>
<div id="snippet-productWidget-widgetCarousel-12-buy-43422-quantity">        <div class="product-quantity-control">
            <form action="/delikatesy" method="post" class="ajax" id="frm-productWidget-widgetCarousel-12-buy-43422-quantityForm">
                <input type="text" name="quantity" size="3" id="frm-productWidget-widgetCarousel-12-buy-43422-quantityForm-quantity" data-nette-rules='[{"op":":integer","msg":"Množství musí být číslo."}]' value="1" aria-label="počet k přidání">
                <input type="submit" name="_submit" value="Přidat" class="product-quantity-control-submit plus" aria-label="přidat počet do košíku">
            <input type="hidden" name="do" value="productWidget-widgetCarousel-12-buy-43422-quantityForm-submit"><!--[if IE]><input type=IEbug disabled style="display:none"><![endif]-->
</form>

        </div>
</div>
                <p class="product-incart-info accessible">Produkt nemáte v košíku</p>


        </div>

        
    </div>
    <div id="product-append-25563" class="product-item">
        <div class="product-item-flags">
        </div>
        <div class="product-item-image">
                <a data-href="/delikatesy?productWidget-widgetCarousel-12-id=25563&amp;do=productWidget-widgetCarousel-12-modal"
                   data-target="productWidget-widgetCarousel-12-productModal"
                   data-product-id="25563"
                   data-product-price="38.9"
                   data-page-title="Diana Lísková jádra v čokoládové polevě bonnerex sypaná skořici 100g"
                   data-page-path="/produkt/25563-diana-liskova-jadra-v-cokoladove-poleve-bonnerex-sypana-skorici-100g"
                   data-user-id=""
                   aria-hidden="true"
                   data-kosikmodal-onclose="onProductModalDestroy"
                   onclick="kosikAjax.click(this, initModalCarousel(this))">
                    <img src="https://cdn.kosik.cz/content/product/jpg/list/placeholder.jpg" data-src="https://cdn.kosik.cz/content/product/jpg/list/42843.jpg" alt="Diana Lísková jádra v čokoládové polevě bonnerex sypaná skořici 100g" class="loading-images loading-image">
                </a>




        </div>
                <div class="product-item-info">
                <h5><a href="javascript:void(0)" aria-label="Diana Lísková jádra v čokoládové polevě bonnerex sypaná skořici 100g" data-href="/delikatesy?productWidget-widgetCarousel-12-id=25563&amp;do=productWidget-widgetCarousel-12-modal" class="product-name modal-link"
                   data-target="productWidget-widgetCarousel-12-productModal" onclick="kosikAjax.click(this, initModalCarousel(this))">
                    Diana Lísková jádra v čokoládové polevě bonnerex sypaná skořici 100g
                    
                </a></h5>
            <p class="product-item-price ">
                <span class="price-before-discount">
				</span>
                <strong class="price">38,90 Kč</strong>

            </p>
            <p class="product-item-unit">
                    (<strong class="price">389,00 Kč</strong> / kg)
            </p>
                        <div class="product-list-rating">
            </div>
<div id="snippet-productWidget-widgetCarousel-12-buy-25563-quantity">        <div class="product-quantity-control">
            <form action="/delikatesy" method="post" class="ajax" id="frm-productWidget-widgetCarousel-12-buy-25563-quantityForm">
                <input type="text" name="quantity" size="3" id="frm-productWidget-widgetCarousel-12-buy-25563-quantityForm-quantity" data-nette-rules='[{"op":":integer","msg":"Množství musí být číslo."}]' value="1" aria-label="počet k přidání">
                <input type="submit" name="_submit" value="Přidat" class="product-quantity-control-submit plus" aria-label="přidat počet do košíku">
            <input type="hidden" name="do" value="productWidget-widgetCarousel-12-buy-25563-quantityForm-submit"><!--[if IE]><input type=IEbug disabled style="display:none"><![endif]-->
</form>

        </div>
</div>
                <p class="product-incart-info accessible">Produkt nemáte v košíku</p>


        </div>

        
    </div>
    <div id="product-append-25516" class="product-item">
        <div class="product-item-flags">
        </div>
        <div class="product-item-image">
                <a data-href="/delikatesy?productWidget-widgetCarousel-12-id=25516&amp;do=productWidget-widgetCarousel-12-modal"
                   data-target="productWidget-widgetCarousel-12-productModal"
                   data-product-id="25516"
                   data-product-price="42.5"
                   data-page-title="Diana Mandle v polevě z malin a bílé čokolády 100g"
                   data-page-path="/produkt/25516-diana-mandle-v-poleve-z-malin-a-bile-cokolady-100g"
                   data-user-id=""
                   aria-hidden="true"
                   data-kosikmodal-onclose="onProductModalDestroy"
                   onclick="kosikAjax.click(this, initModalCarousel(this))">
                    <img src="https://cdn.kosik.cz/content/product/jpg/list/placeholder.jpg" data-src="https://cdn.kosik.cz/content/product/jpg/list/42796.jpg" alt="Diana Mandle v polevě z malin a bílé čokolády 100g" class="loading-images loading-image">
                </a>




        </div>
                <div class="product-item-info">
                <h5><a href="javascript:void(0)" aria-label="Diana Mandle v polevě z malin a bílé čokolády 100g" data-href="/delikatesy?productWidget-widgetCarousel-12-id=25516&amp;do=productWidget-widgetCarousel-12-modal" class="product-name modal-link"
                   data-target="productWidget-widgetCarousel-12-productModal" onclick="kosikAjax.click(this, initModalCarousel(this))">
                    Diana Mandle v polevě z malin a bílé čokolády 100g
                    
                </a></h5>
            <p class="product-item-price ">
                <span class="price-before-discount">
				</span>
                <strong class="price">42,50 Kč</strong>

            </p>
            <p class="product-item-unit">
                    (<strong class="price">425,00 Kč</strong> / kg)
            </p>
                        <div class="product-list-rating">
            </div>
<div id="snippet-productWidget-widgetCarousel-12-buy-25516-quantity">        <div class="product-quantity-control">
            <form action="/delikatesy" method="post" class="ajax" id="frm-productWidget-widgetCarousel-12-buy-25516-quantityForm">
                <input type="text" name="quantity" size="3" id="frm-productWidget-widgetCarousel-12-buy-25516-quantityForm-quantity" data-nette-rules='[{"op":":integer","msg":"Množství musí být číslo."}]' value="1" aria-label="počet k přidání">
                <input type="submit" name="_submit" value="Přidat" class="product-quantity-control-submit plus" aria-label="přidat počet do košíku">
            <input type="hidden" name="do" value="productWidget-widgetCarousel-12-buy-25516-quantityForm-submit"><!--[if IE]><input type=IEbug disabled style="display:none"><![endif]-->
</form>

        </div>
</div>
                <p class="product-incart-info accessible">Produkt nemáte v košíku</p>


        </div>

        
    </div>
    <div id="product-append-25494" class="product-item">
        <div class="product-item-flags">
        </div>
        <div class="product-item-image">
                <a data-href="/delikatesy?productWidget-widgetCarousel-12-id=25494&amp;do=productWidget-widgetCarousel-12-modal"
                   data-target="productWidget-widgetCarousel-12-productModal"
                   data-product-id="25494"
                   data-product-price="82.5"
                   data-page-title="Diana Pekanové ořechy 100 g"
                   data-page-path="/produkt/25494-diana-pekanove-orechy-100-g"
                   data-user-id=""
                   aria-hidden="true"
                   data-kosikmodal-onclose="onProductModalDestroy"
                   onclick="kosikAjax.click(this, initModalCarousel(this))">
                    <img src="https://cdn.kosik.cz/content/product/jpg/list/placeholder.jpg" data-src="https://cdn.kosik.cz/content/product/jpg/list/42774.jpg" alt="Diana Pekanové ořechy 100 g" class="loading-images loading-image">
                </a>




        </div>
                <div class="product-item-info">
                <h5><a href="javascript:void(0)" aria-label="Diana Pekanové ořechy 100 g" data-href="/delikatesy?productWidget-widgetCarousel-12-id=25494&amp;do=productWidget-widgetCarousel-12-modal" class="product-name modal-link"
                   data-target="productWidget-widgetCarousel-12-productModal" onclick="kosikAjax.click(this, initModalCarousel(this))">
                    Diana Pekanové ořechy 100 g
                    
                </a></h5>
            <p class="product-item-price ">
                <span class="price-before-discount">
				</span>
                <strong class="price">82,50 Kč</strong>

            </p>
            <p class="product-item-unit">
                    (<strong class="price">825,00 Kč</strong> / kg)
            </p>
                        <div class="product-list-rating">
            </div>
<div id="snippet-productWidget-widgetCarousel-12-buy-25494-quantity">        <div class="product-quantity-control">
            <form action="/delikatesy" method="post" class="ajax" id="frm-productWidget-widgetCarousel-12-buy-25494-quantityForm">
                <input type="text" name="quantity" size="3" id="frm-productWidget-widgetCarousel-12-buy-25494-quantityForm-quantity" data-nette-rules='[{"op":":integer","msg":"Množství musí být číslo."}]' value="1" aria-label="počet k přidání">
                <input type="submit" name="_submit" value="Přidat" class="product-quantity-control-submit plus" aria-label="přidat počet do košíku">
            <input type="hidden" name="do" value="productWidget-widgetCarousel-12-buy-25494-quantityForm-submit"><!--[if IE]><input type=IEbug disabled style="display:none"><![endif]-->
</form>

        </div>
</div>
                <p class="product-incart-info accessible">Produkt nemáte v košíku</p>


        </div>

        
    </div>
    <div id="product-append-25491" class="product-item">
        <div class="product-item-flags">
        </div>
        <div class="product-item-image">
                <a data-href="/delikatesy?productWidget-widgetCarousel-12-id=25491&amp;do=productWidget-widgetCarousel-12-modal"
                   data-target="productWidget-widgetCarousel-12-productModal"
                   data-product-id="25491"
                   data-product-price="47.5"
                   data-page-title="Diana Mandle uzené 100g"
                   data-page-path="/produkt/25491-diana-mandle-uzene-100g"
                   data-user-id=""
                   aria-hidden="true"
                   data-kosikmodal-onclose="onProductModalDestroy"
                   onclick="kosikAjax.click(this, initModalCarousel(this))">
                    <img src="https://cdn.kosik.cz/content/product/jpg/list/placeholder.jpg" data-src="https://cdn.kosik.cz/content/product/jpg/list/42771.jpg" alt="Diana Mandle uzené 100g" class="loading-images loading-image">
                </a>




        </div>
                <div class="product-item-info">
                <h5><a href="javascript:void(0)" aria-label="Diana Mandle uzené 100g" data-href="/delikatesy?productWidget-widgetCarousel-12-id=25491&amp;do=productWidget-widgetCarousel-12-modal" class="product-name modal-link"
                   data-target="productWidget-widgetCarousel-12-productModal" onclick="kosikAjax.click(this, initModalCarousel(this))">
                    Diana Mandle uzené 100g
                    
                </a></h5>
            <p class="product-item-price ">
                <span class="price-before-discount">
				</span>
                <strong class="price">47,50 Kč</strong>

            </p>
            <p class="product-item-unit">
                    (<strong class="price">475,00 Kč</strong> / kg)
            </p>
                        <div class="product-list-rating">
            </div>
<div id="snippet-productWidget-widgetCarousel-12-buy-25491-quantity">        <div class="product-quantity-control">
            <form action="/delikatesy" method="post" class="ajax" id="frm-productWidget-widgetCarousel-12-buy-25491-quantityForm">
                <input type="text" name="quantity" size="3" id="frm-productWidget-widgetCarousel-12-buy-25491-quantityForm-quantity" data-nette-rules='[{"op":":integer","msg":"Množství musí být číslo."}]' value="1" aria-label="počet k přidání">
                <input type="submit" name="_submit" value="Přidat" class="product-quantity-control-submit plus" aria-label="přidat počet do košíku">
            <input type="hidden" name="do" value="productWidget-widgetCarousel-12-buy-25491-quantityForm-submit"><!--[if IE]><input type=IEbug disabled style="display:none"><![endif]-->
</form>

        </div>
</div>
                <p class="product-incart-info accessible">Produkt nemáte v košíku</p>


        </div>

        
    </div>
    <div id="product-append-25552" class="product-item">
        <div class="product-item-flags">
        </div>
        <div class="product-item-image">
                <a data-href="/delikatesy?productWidget-widgetCarousel-12-id=25552&amp;do=productWidget-widgetCarousel-12-modal"
                   data-target="productWidget-widgetCarousel-12-productModal"
                   data-product-id="25552"
                   data-product-price="23.9"
                   data-page-title="Diana Japonská směs wasabi 100g"
                   data-page-path="/produkt/25552-diana-japonska-smes-wasabi-100g"
                   data-user-id=""
                   aria-hidden="true"
                   data-kosikmodal-onclose="onProductModalDestroy"
                   onclick="kosikAjax.click(this, initModalCarousel(this))">
                    <img src="https://cdn.kosik.cz/content/product/jpg/list/placeholder.jpg" data-src="https://cdn.kosik.cz/content/product/jpg/list/42832.jpg" alt="Diana Japonská směs wasabi 100g" class="loading-images loading-image">
                </a>




        </div>
                <div class="product-item-info">
                <h5><a href="javascript:void(0)" aria-label="Diana Japonská směs wasabi 100g" data-href="/delikatesy?productWidget-widgetCarousel-12-id=25552&amp;do=productWidget-widgetCarousel-12-modal" class="product-name modal-link"
                   data-target="productWidget-widgetCarousel-12-productModal" onclick="kosikAjax.click(this, initModalCarousel(this))">
                    Diana Japonská směs wasabi 100g
                    
                </a></h5>
            <p class="product-item-price ">
                <span class="price-before-discount">
				</span>
                <strong class="price">23,90 Kč</strong>

            </p>
            <p class="product-item-unit">
                    (<strong class="price">239,00 Kč</strong> / kg)
            </p>
                        <div class="product-list-rating">
            </div>
<div id="snippet-productWidget-widgetCarousel-12-buy-25552-quantity">        <div class="product-quantity-control">
            <form action="/delikatesy" method="post" class="ajax" id="frm-productWidget-widgetCarousel-12-buy-25552-quantityForm">
                <input type="text" name="quantity" size="3" id="frm-productWidget-widgetCarousel-12-buy-25552-quantityForm-quantity" data-nette-rules='[{"op":":integer","msg":"Množství musí být číslo."}]' value="1" aria-label="počet k přidání">
                <input type="submit" name="_submit" value="Přidat" class="product-quantity-control-submit plus" aria-label="přidat počet do košíku">
            <input type="hidden" name="do" value="productWidget-widgetCarousel-12-buy-25552-quantityForm-submit"><!--[if IE]><input type=IEbug disabled style="display:none"><![endif]-->
</form>

        </div>
</div>
                <p class="product-incart-info accessible">Produkt nemáte v košíku</p>


        </div>

        
    </div>
    <div id="product-append-25489" class="product-item">
        <div class="product-item-flags">
        </div>
        <div class="product-item-image">
                <a data-href="/delikatesy?productWidget-widgetCarousel-12-id=25489&amp;do=productWidget-widgetCarousel-12-modal"
                   data-target="productWidget-widgetCarousel-12-productModal"
                   data-product-id="25489"
                   data-product-price="45.9"
                   data-page-title="Diana Mandle pražené solené 100g"
                   data-page-path="/produkt/25489-diana-mandle-prazene-solene-100g"
                   data-user-id=""
                   aria-hidden="true"
                   data-kosikmodal-onclose="onProductModalDestroy"
                   onclick="kosikAjax.click(this, initModalCarousel(this))">
                    <img src="https://cdn.kosik.cz/content/product/jpg/list/placeholder.jpg" data-src="https://cdn.kosik.cz/content/product/jpg/list/42769.jpg" alt="Diana Mandle pražené solené 100g" class="loading-images loading-image">
                </a>




        </div>
                <div class="product-item-info">
                <h5><a href="javascript:void(0)" aria-label="Diana Mandle pražené solené 100g" data-href="/delikatesy?productWidget-widgetCarousel-12-id=25489&amp;do=productWidget-widgetCarousel-12-modal" class="product-name modal-link"
                   data-target="productWidget-widgetCarousel-12-productModal" onclick="kosikAjax.click(this, initModalCarousel(this))">
                    Diana Mandle pražené solené 100g
                    
                </a></h5>
            <p class="product-item-price ">
                <span class="price-before-discount">
				</span>
                <strong class="price">45,90 Kč</strong>

            </p>
            <p class="product-item-unit">
                    (<strong class="price">459,00 Kč</strong> / kg)
            </p>
                        <div class="product-list-rating">
            </div>
<div id="snippet-productWidget-widgetCarousel-12-buy-25489-quantity">        <div class="product-quantity-control">
            <form action="/delikatesy" method="post" class="ajax" id="frm-productWidget-widgetCarousel-12-buy-25489-quantityForm">
                <input type="text" name="quantity" size="3" id="frm-productWidget-widgetCarousel-12-buy-25489-quantityForm-quantity" data-nette-rules='[{"op":":integer","msg":"Množství musí být číslo."}]' value="1" aria-label="počet k přidání">
                <input type="submit" name="_submit" value="Přidat" class="product-quantity-control-submit plus" aria-label="přidat počet do košíku">
            <input type="hidden" name="do" value="productWidget-widgetCarousel-12-buy-25489-quantityForm-submit"><!--[if IE]><input type=IEbug disabled style="display:none"><![endif]-->
</form>

        </div>
</div>
                <p class="product-incart-info accessible">Produkt nemáte v košíku</p>


        </div>

        
    </div>
    <div id="product-append-25280" class="product-item">
        <div class="product-item-flags">
        </div>
        <div class="product-item-image">
                <a data-href="/delikatesy?productWidget-widgetCarousel-12-id=25280&amp;do=productWidget-widgetCarousel-12-modal"
                   data-target="productWidget-widgetCarousel-12-productModal"
                   data-product-id="25280"
                   data-product-price="24.9"
                   data-page-title="Diana Klikva velkoplodá 100g"
                   data-page-path="/produkt/25280-diana-klikva-velkoploda-100g"
                   data-user-id=""
                   aria-hidden="true"
                   data-kosikmodal-onclose="onProductModalDestroy"
                   onclick="kosikAjax.click(this, initModalCarousel(this))">
                    <img src="https://cdn.kosik.cz/content/product/jpg/list/placeholder.jpg" data-src="https://cdn.kosik.cz/content/product/jpg/list/42559.jpg" alt="Diana Klikva velkoplodá 100g" class="loading-images loading-image">
                </a>




        </div>
                <div class="product-item-info">
                <h5><a href="javascript:void(0)" aria-label="Diana Klikva velkoplodá 100g" data-href="/delikatesy?productWidget-widgetCarousel-12-id=25280&amp;do=productWidget-widgetCarousel-12-modal" class="product-name modal-link"
                   data-target="productWidget-widgetCarousel-12-productModal" onclick="kosikAjax.click(this, initModalCarousel(this))">
                    Diana Klikva velkoplodá 100g
                    
                </a></h5>
            <p class="product-item-price ">
                <span class="price-before-discount">
				</span>
                <strong class="price">24,90 Kč</strong>

            </p>
            <p class="product-item-unit">
                    (<strong class="price">249,00 Kč</strong> / kg)
            </p>
                        <div class="product-list-rating">
            </div>
<div id="snippet-productWidget-widgetCarousel-12-buy-25280-quantity">        <div class="product-quantity-control">
            <form action="/delikatesy" method="post" class="ajax" id="frm-productWidget-widgetCarousel-12-buy-25280-quantityForm">
                <input type="text" name="quantity" size="3" id="frm-productWidget-widgetCarousel-12-buy-25280-quantityForm-quantity" data-nette-rules='[{"op":":integer","msg":"Množství musí být číslo."}]' value="1" aria-label="počet k přidání">
                <input type="submit" name="_submit" value="Přidat" class="product-quantity-control-submit plus" aria-label="přidat počet do košíku">
            <input type="hidden" name="do" value="productWidget-widgetCarousel-12-buy-25280-quantityForm-submit"><!--[if IE]><input type=IEbug disabled style="display:none"><![endif]-->
</form>

        </div>
</div>
                <p class="product-incart-info accessible">Produkt nemáte v košíku</p>


        </div>

        
    </div>
    <div id="product-append-25297" class="product-item">
        <div class="product-item-flags">
        </div>
        <div class="product-item-image">
                <a data-href="/delikatesy?productWidget-widgetCarousel-12-id=25297&amp;do=productWidget-widgetCarousel-12-modal"
                   data-target="productWidget-widgetCarousel-12-productModal"
                   data-product-id="25297"
                   data-product-price="29.9"
                   data-page-title="Diana Datle bez jader 250g"
                   data-page-path="/produkt/25297-diana-datle-bez-jader-250g"
                   data-user-id=""
                   aria-hidden="true"
                   data-kosikmodal-onclose="onProductModalDestroy"
                   onclick="kosikAjax.click(this, initModalCarousel(this))">
                    <img src="https://cdn.kosik.cz/content/product/jpg/list/placeholder.jpg" data-src="https://cdn.kosik.cz/content/product/jpg/list/42576.jpg" alt="Diana Datle bez jader 250g" class="loading-images loading-image">
                </a>




        </div>
                <div class="product-item-info">
                <h5><a href="javascript:void(0)" aria-label="Diana Datle bez jader 250g" data-href="/delikatesy?productWidget-widgetCarousel-12-id=25297&amp;do=productWidget-widgetCarousel-12-modal" class="product-name modal-link"
                   data-target="productWidget-widgetCarousel-12-productModal" onclick="kosikAjax.click(this, initModalCarousel(this))">
                    Diana Datle bez jader 250g
                    
                </a></h5>
            <p class="product-item-price ">
                <span class="price-before-discount">
				</span>
                <strong class="price">29,90 Kč</strong>

            </p>
            <p class="product-item-unit">
                    (<strong class="price">119,60 Kč</strong> / kg)
            </p>
                        <div class="product-list-rating">
            </div>
<div id="snippet-productWidget-widgetCarousel-12-buy-25297-quantity">        <div class="product-quantity-control">
            <form action="/delikatesy" method="post" class="ajax" id="frm-productWidget-widgetCarousel-12-buy-25297-quantityForm">
                <input type="text" name="quantity" size="3" id="frm-productWidget-widgetCarousel-12-buy-25297-quantityForm-quantity" data-nette-rules='[{"op":":integer","msg":"Množství musí být číslo."}]' value="1" aria-label="počet k přidání">
                <input type="submit" name="_submit" value="Přidat" class="product-quantity-control-submit plus" aria-label="přidat počet do košíku">
            <input type="hidden" name="do" value="productWidget-widgetCarousel-12-buy-25297-quantityForm-submit"><!--[if IE]><input type=IEbug disabled style="display:none"><![endif]-->
</form>

        </div>
</div>
                <p class="product-incart-info accessible">Produkt nemáte v košíku</p>


        </div>

        
    </div>
    <div id="product-append-25358" class="product-item">
        <div class="product-item-flags">
        </div>
        <div class="product-item-image">
                <a data-href="/delikatesy?productWidget-widgetCarousel-12-id=25358&amp;do=productWidget-widgetCarousel-12-modal"
                   data-target="productWidget-widgetCarousel-12-productModal"
                   data-product-id="25358"
                   data-product-price="60.5"
                   data-page-title="Diana Kešu pražené solené 100 g"
                   data-page-path="/produkt/25358-diana-kesu-prazene-solene-100-g"
                   data-user-id=""
                   aria-hidden="true"
                   data-kosikmodal-onclose="onProductModalDestroy"
                   onclick="kosikAjax.click(this, initModalCarousel(this))">
                    <img src="https://cdn.kosik.cz/content/product/jpg/list/placeholder.jpg" data-src="https://cdn.kosik.cz/content/product/jpg/list/42637.jpg" alt="Diana Kešu pražené solené 100 g" class="loading-images loading-image">
                </a>




        </div>
                <div class="product-item-info">
                <h5><a href="javascript:void(0)" aria-label="Diana Kešu pražené solené 100 g" data-href="/delikatesy?productWidget-widgetCarousel-12-id=25358&amp;do=productWidget-widgetCarousel-12-modal" class="product-name modal-link"
                   data-target="productWidget-widgetCarousel-12-productModal" onclick="kosikAjax.click(this, initModalCarousel(this))">
                    Diana Kešu pražené solené 100 g
                    
                </a></h5>
            <p class="product-item-price ">
                <span class="price-before-discount">
				</span>
                <strong class="price">60,50 Kč</strong>

            </p>
            <p class="product-item-unit">
                    (<strong class="price">605,00 Kč</strong> / kg)
            </p>
                        <div class="product-list-rating">
            </div>
<div id="snippet-productWidget-widgetCarousel-12-buy-25358-quantity">        <div class="product-quantity-control">
            <form action="/delikatesy" method="post" class="ajax" id="frm-productWidget-widgetCarousel-12-buy-25358-quantityForm">
                <input type="text" name="quantity" size="3" id="frm-productWidget-widgetCarousel-12-buy-25358-quantityForm-quantity" data-nette-rules='[{"op":":integer","msg":"Množství musí být číslo."}]' value="1" aria-label="počet k přidání">
                <input type="submit" name="_submit" value="Přidat" class="product-quantity-control-submit plus" aria-label="přidat počet do košíku">
            <input type="hidden" name="do" value="productWidget-widgetCarousel-12-buy-25358-quantityForm-submit"><!--[if IE]><input type=IEbug disabled style="display:none"><![endif]-->
</form>

        </div>
</div>
                <p class="product-incart-info accessible">Produkt nemáte v košíku</p>


        </div>

        
    </div>
    <div id="product-append-25565" class="product-item">
        <div class="product-item-flags">
        </div>
        <div class="product-item-image">
                <a data-href="/delikatesy?productWidget-widgetCarousel-12-id=25565&amp;do=productWidget-widgetCarousel-12-modal"
                   data-target="productWidget-widgetCarousel-12-productModal"
                   data-product-id="25565"
                   data-product-price="39.9"
                   data-page-title="Diana Mandle v hořké čokoládě 100g"
                   data-page-path="/produkt/25565-diana-mandle-v-horke-cokolade-100g"
                   data-user-id=""
                   aria-hidden="true"
                   data-kosikmodal-onclose="onProductModalDestroy"
                   onclick="kosikAjax.click(this, initModalCarousel(this))">
                    <img src="https://cdn.kosik.cz/content/product/jpg/list/placeholder.jpg" data-src="https://cdn.kosik.cz/content/product/jpg/list/42845.jpg" alt="Diana Mandle v hořké čokoládě 100g" class="loading-images loading-image">
                </a>




        </div>
                <div class="product-item-info">
                <h5><a href="javascript:void(0)" aria-label="Diana Mandle v hořké čokoládě 100g" data-href="/delikatesy?productWidget-widgetCarousel-12-id=25565&amp;do=productWidget-widgetCarousel-12-modal" class="product-name modal-link"
                   data-target="productWidget-widgetCarousel-12-productModal" onclick="kosikAjax.click(this, initModalCarousel(this))">
                    Diana Mandle v hořké čokoládě 100g
                    
                </a></h5>
            <p class="product-item-price ">
                <span class="price-before-discount">
				</span>
                <strong class="price">39,90 Kč</strong>

            </p>
            <p class="product-item-unit">
                    (<strong class="price">399,00 Kč</strong> / kg)
            </p>
                        <div class="product-list-rating">
            </div>
<div id="snippet-productWidget-widgetCarousel-12-buy-25565-quantity">        <div class="product-quantity-control">
            <form action="/delikatesy" method="post" class="ajax" id="frm-productWidget-widgetCarousel-12-buy-25565-quantityForm">
                <input type="text" name="quantity" size="3" id="frm-productWidget-widgetCarousel-12-buy-25565-quantityForm-quantity" data-nette-rules='[{"op":":integer","msg":"Množství musí být číslo."}]' value="1" aria-label="počet k přidání">
                <input type="submit" name="_submit" value="Přidat" class="product-quantity-control-submit plus" aria-label="přidat počet do košíku">
            <input type="hidden" name="do" value="productWidget-widgetCarousel-12-buy-25565-quantityForm-submit"><!--[if IE]><input type=IEbug disabled style="display:none"><![endif]-->
</form>

        </div>
</div>
                <p class="product-incart-info accessible">Produkt nemáte v košíku</p>


        </div>

        
    </div>
    <div id="product-append-25528" class="product-item">
        <div class="product-item-flags">
        </div>
        <div class="product-item-image">
                <a data-href="/delikatesy?productWidget-widgetCarousel-12-id=25528&amp;do=productWidget-widgetCarousel-12-modal"
                   data-target="productWidget-widgetCarousel-12-productModal"
                   data-product-id="25528"
                   data-product-price="46.5"
                   data-page-title="Diana Maliny mrazem sušené v bílé čokoládě 100g"
                   data-page-path="/produkt/25528-diana-maliny-mrazem-susene-v-bile-cokolade-100g"
                   data-user-id=""
                   aria-hidden="true"
                   data-kosikmodal-onclose="onProductModalDestroy"
                   onclick="kosikAjax.click(this, initModalCarousel(this))">
                    <img src="https://cdn.kosik.cz/content/product/jpg/list/placeholder.jpg" data-src="https://cdn.kosik.cz/content/product/jpg/list/42808.jpg" alt="Diana Maliny mrazem sušené v bílé čokoládě 100g" class="loading-images loading-image">
                </a>




        </div>
                <div class="product-item-info">
                <h5><a href="javascript:void(0)" aria-label="Diana Maliny mrazem sušené v bílé čokoládě 100g" data-href="/delikatesy?productWidget-widgetCarousel-12-id=25528&amp;do=productWidget-widgetCarousel-12-modal" class="product-name modal-link"
                   data-target="productWidget-widgetCarousel-12-productModal" onclick="kosikAjax.click(this, initModalCarousel(this))">
                    Diana Maliny mrazem sušené v bílé čokoládě 100g
                    
                </a></h5>
            <p class="product-item-price ">
                <span class="price-before-discount">
				</span>
                <strong class="price">46,50 Kč</strong>

            </p>
            <p class="product-item-unit">
                    (<strong class="price">465,00 Kč</strong> / kg)
            </p>
                        <div class="product-list-rating">
            </div>
<div id="snippet-productWidget-widgetCarousel-12-buy-25528-quantity">        <div class="product-quantity-control">
            <form action="/delikatesy" method="post" class="ajax" id="frm-productWidget-widgetCarousel-12-buy-25528-quantityForm">
                <input type="text" name="quantity" size="3" id="frm-productWidget-widgetCarousel-12-buy-25528-quantityForm-quantity" data-nette-rules='[{"op":":integer","msg":"Množství musí být číslo."}]' value="1" aria-label="počet k přidání">
                <input type="submit" name="_submit" value="Přidat" class="product-quantity-control-submit plus" aria-label="přidat počet do košíku">
            <input type="hidden" name="do" value="productWidget-widgetCarousel-12-buy-25528-quantityForm-submit"><!--[if IE]><input type=IEbug disabled style="display:none"><![endif]-->
</form>

        </div>
</div>
                <p class="product-incart-info accessible">Produkt nemáte v košíku</p>


        </div>

        
    </div>
    <div id="product-append-25317" class="product-item">
        <div class="product-item-flags">
        </div>
        <div class="product-item-image">
                <a data-href="/delikatesy?productWidget-widgetCarousel-12-id=25317&amp;do=productWidget-widgetCarousel-12-modal"
                   data-target="productWidget-widgetCarousel-12-productModal"
                   data-product-id="25317"
                   data-product-price="34.5"
                   data-page-title="Diana Moruše sušená 100g"
                   data-page-path="/produkt/25317-diana-moruse-susena-100g"
                   data-user-id=""
                   aria-hidden="true"
                   data-kosikmodal-onclose="onProductModalDestroy"
                   onclick="kosikAjax.click(this, initModalCarousel(this))">
                    <img src="https://cdn.kosik.cz/content/product/jpg/list/placeholder.jpg" data-src="https://cdn.kosik.cz/content/product/jpg/list/42595.jpg" alt="Diana Moruše sušená 100g" class="loading-images loading-image">
                </a>




        </div>
                <div class="product-item-info">
                <h5><a href="javascript:void(0)" aria-label="Diana Moruše sušená 100g" data-href="/delikatesy?productWidget-widgetCarousel-12-id=25317&amp;do=productWidget-widgetCarousel-12-modal" class="product-name modal-link"
                   data-target="productWidget-widgetCarousel-12-productModal" onclick="kosikAjax.click(this, initModalCarousel(this))">
                    Diana Moruše sušená 100g
                    
                </a></h5>
            <p class="product-item-price ">
                <span class="price-before-discount">
				</span>
                <strong class="price">34,50 Kč</strong>

            </p>
            <p class="product-item-unit">
                    (<strong class="price">345,00 Kč</strong> / kg)
            </p>
                        <div class="product-list-rating">
            </div>
<div id="snippet-productWidget-widgetCarousel-12-buy-25317-quantity">        <div class="product-quantity-control">
            <form action="/delikatesy" method="post" class="ajax" id="frm-productWidget-widgetCarousel-12-buy-25317-quantityForm">
                <input type="text" name="quantity" size="3" id="frm-productWidget-widgetCarousel-12-buy-25317-quantityForm-quantity" data-nette-rules='[{"op":":integer","msg":"Množství musí být číslo."}]' value="1" aria-label="počet k přidání">
                <input type="submit" name="_submit" value="Přidat" class="product-quantity-control-submit plus" aria-label="přidat počet do košíku">
            <input type="hidden" name="do" value="productWidget-widgetCarousel-12-buy-25317-quantityForm-submit"><!--[if IE]><input type=IEbug disabled style="display:none"><![endif]-->
</form>

        </div>
</div>
                <p class="product-incart-info accessible">Produkt nemáte v košíku</p>


        </div>

        
    </div>
    <div id="product-append-25311" class="product-item">
        <div class="product-item-flags">
        </div>
        <div class="product-item-image">
                <a data-href="/delikatesy?productWidget-widgetCarousel-12-id=25311&amp;do=productWidget-widgetCarousel-12-modal"
                   data-target="productWidget-widgetCarousel-12-productModal"
                   data-product-id="25311"
                   data-product-price="33.9"
                   data-page-title="Diana Ibišek květ 100g"
                   data-page-path="/produkt/25311-diana-ibisek-kvet-100g"
                   data-user-id=""
                   aria-hidden="true"
                   data-kosikmodal-onclose="onProductModalDestroy"
                   onclick="kosikAjax.click(this, initModalCarousel(this))">
                    <img src="https://cdn.kosik.cz/content/product/jpg/list/placeholder.jpg" data-src="https://cdn.kosik.cz/content/product/jpg/list/42589.jpg" alt="Diana Ibišek květ 100g" class="loading-images loading-image">
                </a>




        </div>
                <div class="product-item-info">
                <h5><a href="javascript:void(0)" aria-label="Diana Ibišek květ 100g" data-href="/delikatesy?productWidget-widgetCarousel-12-id=25311&amp;do=productWidget-widgetCarousel-12-modal" class="product-name modal-link"
                   data-target="productWidget-widgetCarousel-12-productModal" onclick="kosikAjax.click(this, initModalCarousel(this))">
                    Diana Ibišek květ 100g
                    
                </a></h5>
            <p class="product-item-price ">
                <span class="price-before-discount">
				</span>
                <strong class="price">33,90 Kč</strong>

            </p>
            <p class="product-item-unit">
                    (<strong class="price">339,00 Kč</strong> / kg)
            </p>
                        <div class="product-list-rating">
                <span><ul class="rating"><li class="rating-children rating-1 up" data-rating="1"><i class="fa fa-star"></i></li><li class="rating-children rating-2 down" data-rating="2"><i class="fa fa-star"></i></li><li class="rating-children rating-3 down" data-rating="3"><i class="fa fa-star"></i></li><li class="rating-children rating-4 down" data-rating="4"><i class="fa fa-star"></i></li><li class="rating-children rating-5 down" data-rating="5"><i class="fa fa-star"></i></li></ul></span>
            </div>
<div id="snippet-productWidget-widgetCarousel-12-buy-25311-quantity">        <div class="product-quantity-control">
            <form action="/delikatesy" method="post" class="ajax" id="frm-productWidget-widgetCarousel-12-buy-25311-quantityForm">
                <input type="text" name="quantity" size="3" id="frm-productWidget-widgetCarousel-12-buy-25311-quantityForm-quantity" data-nette-rules='[{"op":":integer","msg":"Množství musí být číslo."}]' value="1" aria-label="počet k přidání">
                <input type="submit" name="_submit" value="Přidat" class="product-quantity-control-submit plus" aria-label="přidat počet do košíku">
            <input type="hidden" name="do" value="productWidget-widgetCarousel-12-buy-25311-quantityForm-submit"><!--[if IE]><input type=IEbug disabled style="display:none"><![endif]-->
</form>

        </div>
</div>
                <p class="product-incart-info accessible">Produkt nemáte v košíku</p>


        </div>

        
    </div>
</div>

<div class="kosik-modal-overlay product-modal" id="productWidget-widgetCarousel-12-productModal" role="dialog">
    <div class="kosik-modal-inner large super-scaled" id="snippet-productWidget-widgetCarousel-12-productModalArea">
    </div>
</div>


<div class="kosik-modal-overlay" id="productWidget-widgetCarousel-12-productSetModal" role="dialog">
    <div class="kosik-modal-inner large super-scaled" id="snippet-productWidget-widgetCarousel-12-productSetModalArea">
    </div>
</div>
			</div>
		</div>
		<div class="region region-carousel region-products no-aside product-widget">
			<div class="home-product-widget region-inner region-products-inner slick-carousel" data-open="3" data-close="4">
				<div class="block block-title">
					<h3>Ryby a ostatní</h3>
				</div>
<script async>

    var onProductModalDestroy = function() {

    	var pageData = window.dataLayer[0];

        pageData["event"] = "ga.pageview";
        pageData["pagePath"] = window.location.pathname;
        pageData["pageTitle"] = window.document.title;

	    dataLayer.push(pageData);
    };
</script>
<div class="block block-product-items product-items" data-ajax-append="product-item" id="snippet-productWidget-widgetCarousel-13-productListArea">
    <div id="product-append-9493" class="product-item">
        <div class="product-item-flags">
        </div>
        <div class="product-item-image">
                <a data-href="/delikatesy?productWidget-widgetCarousel-13-id=9493&amp;do=productWidget-widgetCarousel-13-modal"
                   data-target="productWidget-widgetCarousel-13-productModal"
                   data-product-id="9493"
                   data-product-price="54.9"
                   data-page-title="Vici Premius Surimi á la krevety mini v oleji 200g"
                   data-page-path="/produkt/9493-vici-premius-surimi-a-la-krevety-mini-v-oleji-200g"
                   data-user-id=""
                   aria-hidden="true"
                   data-kosikmodal-onclose="onProductModalDestroy"
                   onclick="kosikAjax.click(this, initModalCarousel(this))">
                    <img src="https://cdn.kosik.cz/content/product/jpg/list/placeholder.jpg" data-src="https://cdn.kosik.cz/content/product/jpg/list/21152.jpg" alt="Vici Premius Surimi á la krevety mini v oleji 200g" class="loading-images loading-image">
                </a>




        </div>
                <div class="product-item-info">
                <h5><a href="javascript:void(0)" aria-label="Vici Premius Surimi á la krevety mini v oleji 200g" data-href="/delikatesy?productWidget-widgetCarousel-13-id=9493&amp;do=productWidget-widgetCarousel-13-modal" class="product-name modal-link"
                   data-target="productWidget-widgetCarousel-13-productModal" onclick="kosikAjax.click(this, initModalCarousel(this))">
                    Vici Premius Surimi á la krevety mini v oleji 200g
                    <br><span class="new-product">Novinka</span>
                </a></h5>
            <p class="product-item-price ">
                <span class="price-before-discount">
				</span>
                <strong class="price">54,90 Kč</strong>

            </p>
            <p class="product-item-unit">
                    (<strong class="price">274,50 Kč</strong> / kg)
            </p>
                        <div class="product-list-rating">
            </div>
<div id="snippet-productWidget-widgetCarousel-13-buy-9493-quantity">        <div class="product-quantity-control">
            <form action="/delikatesy" method="post" class="ajax" id="frm-productWidget-widgetCarousel-13-buy-9493-quantityForm">
                <input type="text" name="quantity" size="3" id="frm-productWidget-widgetCarousel-13-buy-9493-quantityForm-quantity" data-nette-rules='[{"op":":integer","msg":"Množství musí být číslo."}]' value="1" aria-label="počet k přidání">
                <input type="submit" name="_submit" value="Přidat" class="product-quantity-control-submit plus" aria-label="přidat počet do košíku">
            <input type="hidden" name="do" value="productWidget-widgetCarousel-13-buy-9493-quantityForm-submit"><!--[if IE]><input type=IEbug disabled style="display:none"><![endif]-->
</form>

        </div>
</div>
                <p class="product-incart-info accessible">Produkt nemáte v košíku</p>


        </div>

        
    </div>
    <div id="product-append-51221" class="product-item">
        <div class="product-item-flags">
            <div class="flag-sale ">
                <span class="percents">16<small>&#37;</small></span>
            </div>
        </div>
        <div class="product-item-image">
                <a data-href="/delikatesy?productWidget-widgetCarousel-13-id=51221&amp;do=productWidget-widgetCarousel-13-modal"
                   data-target="productWidget-widgetCarousel-13-productModal"
                   data-product-id="51221"
                   data-product-price="189"
                   data-page-title="Snails days Uzení šneci v oleji 90g"
                   data-page-path="/produkt/51221-snails-days-uzeni-sneci-v-oleji-90g"
                   data-user-id=""
                   aria-hidden="true"
                   data-kosikmodal-onclose="onProductModalDestroy"
                   onclick="kosikAjax.click(this, initModalCarousel(this))">
                    <img src="https://cdn.kosik.cz/content/product/jpg/list/placeholder.jpg" data-src="https://cdn.kosik.cz/content/product/jpg/list/68775.jpg" alt="Snails days Uzení šneci v oleji 90g" class="loading-images loading-image">
                </a>




        </div>
                <div class="product-item-info">
                <h5><a href="javascript:void(0)" aria-label="Snails days Uzení šneci v oleji 90g" data-href="/delikatesy?productWidget-widgetCarousel-13-id=51221&amp;do=productWidget-widgetCarousel-13-modal" class="product-name modal-link"
                   data-target="productWidget-widgetCarousel-13-productModal" onclick="kosikAjax.click(this, initModalCarousel(this))">
                    Snails days Uzení šneci v oleji 90g
                    <br><span class="new-product">Novinka</span>
                </a></h5>
            <p class="product-item-price product-in-discount">
                <span class="price-before-discount">
					<span><strong class="price">189,00 Kč</strong></span>
				</span>
                <strong class="price">159,00 Kč</strong>

            </p>
            <p class="product-item-unit">
                    (<strong class="price">1 766,70 Kč</strong> / kg)
            </p>
                        <div class="product-list-rating">
            </div>
<div id="snippet-productWidget-widgetCarousel-13-buy-51221-quantity">        <div class="product-quantity-control">
            <form action="/delikatesy" method="post" class="ajax" id="frm-productWidget-widgetCarousel-13-buy-51221-quantityForm">
                <input type="text" name="quantity" size="3" id="frm-productWidget-widgetCarousel-13-buy-51221-quantityForm-quantity" data-nette-rules='[{"op":":integer","msg":"Množství musí být číslo."}]' value="1" aria-label="počet k přidání">
                <input type="submit" name="_submit" value="Přidat" class="product-quantity-control-submit plus" aria-label="přidat počet do košíku">
            <input type="hidden" name="do" value="productWidget-widgetCarousel-13-buy-51221-quantityForm-submit"><!--[if IE]><input type=IEbug disabled style="display:none"><![endif]-->
</form>

        </div>
</div>
                <p class="product-incart-info accessible">Produkt nemáte v košíku</p>


        </div>

        
    </div>
    <div id="product-append-50691" class="product-item">
        <div class="product-item-flags">
        </div>
        <div class="product-item-image">
                <a data-href="/delikatesy?productWidget-widgetCarousel-13-id=50691&amp;do=productWidget-widgetCarousel-13-modal"
                   data-target="productWidget-widgetCarousel-13-productModal"
                   data-product-id="50691"
                   data-product-price="179.9"
                   data-page-title="Nekton Kaviár z lososa 50g"
                   data-page-path="/produkt/50691-nekton-kaviar-z-lososa-50g"
                   data-user-id=""
                   aria-hidden="true"
                   data-kosikmodal-onclose="onProductModalDestroy"
                   onclick="kosikAjax.click(this, initModalCarousel(this))">
                    <img src="https://cdn.kosik.cz/content/product/jpg/list/placeholder.jpg" data-src="https://cdn.kosik.cz/content/product/jpg/list/68211.jpg" alt="Nekton Kaviár z lososa 50g" class="loading-images loading-image">
                </a>




        </div>
                <div class="product-item-info">
                <h5><a href="javascript:void(0)" aria-label="Nekton Kaviár z lososa 50g" data-href="/delikatesy?productWidget-widgetCarousel-13-id=50691&amp;do=productWidget-widgetCarousel-13-modal" class="product-name modal-link"
                   data-target="productWidget-widgetCarousel-13-productModal" onclick="kosikAjax.click(this, initModalCarousel(this))">
                    Nekton Kaviár z lososa 50g
                    <br><span class="new-product">Novinka</span>
                </a></h5>
            <p class="product-item-price ">
                <span class="price-before-discount">
				</span>
                <strong class="price">179,90 Kč</strong>

            </p>
            <p class="product-item-unit">
                    (<strong class="price">3 598,00 Kč</strong> / kg)
            </p>
                        <div class="product-list-rating">
            </div>
<div id="snippet-productWidget-widgetCarousel-13-buy-50691-quantity">        <div class="product-quantity-control">
            <form action="/delikatesy" method="post" class="ajax" id="frm-productWidget-widgetCarousel-13-buy-50691-quantityForm">
                <input type="text" name="quantity" size="3" id="frm-productWidget-widgetCarousel-13-buy-50691-quantityForm-quantity" data-nette-rules='[{"op":":integer","msg":"Množství musí být číslo."}]' value="1" aria-label="počet k přidání">
                <input type="submit" name="_submit" value="Přidat" class="product-quantity-control-submit plus" aria-label="přidat počet do košíku">
            <input type="hidden" name="do" value="productWidget-widgetCarousel-13-buy-50691-quantityForm-submit"><!--[if IE]><input type=IEbug disabled style="display:none"><![endif]-->
</form>

        </div>
</div>
                <p class="product-incart-info accessible">Produkt nemáte v košíku</p>


        </div>

        
    </div>
    <div id="product-append-50678" class="product-item">
        <div class="product-item-flags">
        </div>
        <div class="product-item-image">
                <a data-href="/delikatesy?productWidget-widgetCarousel-13-id=50678&amp;do=productWidget-widgetCarousel-13-modal"
                   data-target="productWidget-widgetCarousel-13-productModal"
                   data-product-id="50678"
                   data-product-price="99.9"
                   data-page-title="Nekton Losos uzený plátky 100g"
                   data-page-path="/produkt/50678-nekton-losos-uzeny-platky-100g"
                   data-user-id=""
                   aria-hidden="true"
                   data-kosikmodal-onclose="onProductModalDestroy"
                   onclick="kosikAjax.click(this, initModalCarousel(this))">
                    <img src="https://cdn.kosik.cz/content/product/jpg/list/placeholder.jpg" data-src="https://cdn.kosik.cz/content/product/jpg/list/68198.jpg" alt="Nekton Losos uzený plátky 100g" class="loading-images loading-image">
                </a>




        </div>
                <div class="product-item-info">
                <h5><a href="javascript:void(0)" aria-label="Nekton Losos uzený plátky 100g" data-href="/delikatesy?productWidget-widgetCarousel-13-id=50678&amp;do=productWidget-widgetCarousel-13-modal" class="product-name modal-link"
                   data-target="productWidget-widgetCarousel-13-productModal" onclick="kosikAjax.click(this, initModalCarousel(this))">
                    Nekton Losos uzený plátky 100g
                    <br><span class="new-product">Novinka</span>
                </a></h5>
            <p class="product-item-price ">
                <span class="price-before-discount">
				</span>
                <strong class="price">99,90 Kč</strong>

            </p>
            <p class="product-item-unit">
                    (<strong class="price">999,00 Kč</strong> / kg)
            </p>
                        <div class="product-list-rating">
            </div>
<div id="snippet-productWidget-widgetCarousel-13-buy-50678-quantity">        <div class="product-quantity-control">
            <form action="/delikatesy" method="post" class="ajax" id="frm-productWidget-widgetCarousel-13-buy-50678-quantityForm">
                <input type="text" name="quantity" size="3" id="frm-productWidget-widgetCarousel-13-buy-50678-quantityForm-quantity" data-nette-rules='[{"op":":integer","msg":"Množství musí být číslo."}]' value="1" aria-label="počet k přidání">
                <input type="submit" name="_submit" value="Přidat" class="product-quantity-control-submit plus" aria-label="přidat počet do košíku">
            <input type="hidden" name="do" value="productWidget-widgetCarousel-13-buy-50678-quantityForm-submit"><!--[if IE]><input type=IEbug disabled style="display:none"><![endif]-->
</form>

        </div>
</div>
                <p class="product-incart-info accessible">Produkt nemáte v košíku</p>


        </div>

        
    </div>
    <div id="product-append-9495" class="product-item">
        <div class="product-item-flags">
        </div>
        <div class="product-item-image">
                <a data-href="/delikatesy?productWidget-widgetCarousel-13-id=9495&amp;do=productWidget-widgetCarousel-13-modal"
                   data-target="productWidget-widgetCarousel-13-productModal"
                   data-product-id="9495"
                   data-product-price="99.9"
                   data-page-title="Vici Premius Krevety ve slaném nálevu 200g"
                   data-page-path="/produkt/9495-vici-premius-krevety-ve-slanem-nalevu-200g"
                   data-user-id=""
                   aria-hidden="true"
                   data-kosikmodal-onclose="onProductModalDestroy"
                   onclick="kosikAjax.click(this, initModalCarousel(this))">
                    <img src="https://cdn.kosik.cz/content/product/jpg/list/placeholder.jpg" data-src="https://cdn.kosik.cz/content/product/jpg/list/21182.jpg" alt="Vici Premius Krevety ve slaném nálevu 200g" class="loading-images loading-image">
                </a>




        </div>
                <div class="product-item-info">
                <h5><a href="javascript:void(0)" aria-label="Vici Premius Krevety ve slaném nálevu 200g" data-href="/delikatesy?productWidget-widgetCarousel-13-id=9495&amp;do=productWidget-widgetCarousel-13-modal" class="product-name modal-link"
                   data-target="productWidget-widgetCarousel-13-productModal" onclick="kosikAjax.click(this, initModalCarousel(this))">
                    Vici Premius Krevety ve slaném nálevu 200g
                    <br><span class="new-product">Novinka</span>
                </a></h5>
            <p class="product-item-price ">
                <span class="price-before-discount">
				</span>
                <strong class="price">99,90 Kč</strong>

            </p>
            <p class="product-item-unit">
                    (<strong class="price">499,50 Kč</strong> / kg)
            </p>
                        <div class="product-list-rating">
            </div>
<div id="snippet-productWidget-widgetCarousel-13-buy-9495-quantity">        <div class="product-quantity-control">
            <form action="/delikatesy" method="post" class="ajax" id="frm-productWidget-widgetCarousel-13-buy-9495-quantityForm">
                <input type="text" name="quantity" size="3" id="frm-productWidget-widgetCarousel-13-buy-9495-quantityForm-quantity" data-nette-rules='[{"op":":integer","msg":"Množství musí být číslo."}]' value="1" aria-label="počet k přidání">
                <input type="submit" name="_submit" value="Přidat" class="product-quantity-control-submit plus" aria-label="přidat počet do košíku">
            <input type="hidden" name="do" value="productWidget-widgetCarousel-13-buy-9495-quantityForm-submit"><!--[if IE]><input type=IEbug disabled style="display:none"><![endif]-->
</form>

        </div>
</div>
                <p class="product-incart-info accessible">Produkt nemáte v košíku</p>


        </div>

        
    </div>
    <div id="product-append-50682" class="product-item">
        <div class="product-item-flags">
            <div class="flag-sale ">
                <span class="percents">15<small>&#37;</small></span>
            </div>
        </div>
        <div class="product-item-image">
                <a data-href="/delikatesy?productWidget-widgetCarousel-13-id=50682&amp;do=productWidget-widgetCarousel-13-modal"
                   data-target="productWidget-widgetCarousel-13-productModal"
                   data-product-id="50682"
                   data-product-price="169.9"
                   data-page-title="Nekton Marinovaný losos s omáčkou 150g+40ml"
                   data-page-path="/produkt/50682-nekton-marinovany-losos-s-omackou-150g-40ml"
                   data-user-id=""
                   aria-hidden="true"
                   data-kosikmodal-onclose="onProductModalDestroy"
                   onclick="kosikAjax.click(this, initModalCarousel(this))">
                    <img src="https://cdn.kosik.cz/content/product/jpg/list/placeholder.jpg" data-src="https://cdn.kosik.cz/content/product/jpg/list/68202.jpg" alt="Nekton Marinovaný losos s omáčkou 150g+40ml" class="loading-images loading-image">
                </a>




        </div>
                <div class="product-item-info">
                <h5><a href="javascript:void(0)" aria-label="Nekton Marinovaný losos s omáčkou 150g+40ml" data-href="/delikatesy?productWidget-widgetCarousel-13-id=50682&amp;do=productWidget-widgetCarousel-13-modal" class="product-name modal-link"
                   data-target="productWidget-widgetCarousel-13-productModal" onclick="kosikAjax.click(this, initModalCarousel(this))">
                    Nekton Marinovaný losos s omáčkou 150g+40ml
                    <br><span class="new-product">Novinka</span>
                </a></h5>
            <p class="product-item-price product-in-discount">
                <span class="price-before-discount">
					<span><strong class="price">169,90 Kč</strong></span>
				</span>
                <strong class="price">145,00 Kč</strong>

            </p>
            <p class="product-item-unit">
                    (<strong class="price">763,20 Kč</strong> / kg)
            </p>
                        <div class="product-list-rating">
            </div>
<div id="snippet-productWidget-widgetCarousel-13-buy-50682-quantity">        <div class="product-quantity-control">
            <form action="/delikatesy" method="post" class="ajax" id="frm-productWidget-widgetCarousel-13-buy-50682-quantityForm">
                <input type="text" name="quantity" size="3" id="frm-productWidget-widgetCarousel-13-buy-50682-quantityForm-quantity" data-nette-rules='[{"op":":integer","msg":"Množství musí být číslo."}]' value="1" aria-label="počet k přidání">
                <input type="submit" name="_submit" value="Přidat" class="product-quantity-control-submit plus" aria-label="přidat počet do košíku">
            <input type="hidden" name="do" value="productWidget-widgetCarousel-13-buy-50682-quantityForm-submit"><!--[if IE]><input type=IEbug disabled style="display:none"><![endif]-->
</form>

        </div>
</div>
                <p class="product-incart-info accessible">Produkt nemáte v košíku</p>


        </div>

        
    </div>
    <div id="product-append-50677" class="product-item">
        <div class="product-item-flags">
        </div>
        <div class="product-item-image">
                <a data-href="/delikatesy?productWidget-widgetCarousel-13-id=50677&amp;do=productWidget-widgetCarousel-13-modal"
                   data-target="productWidget-widgetCarousel-13-productModal"
                   data-product-id="50677"
                   data-product-price="29.9"
                   data-page-title="Nekton Sardelové filety 50g"
                   data-page-path="/produkt/50677-nekton-sardelove-filety-50g"
                   data-user-id=""
                   aria-hidden="true"
                   data-kosikmodal-onclose="onProductModalDestroy"
                   onclick="kosikAjax.click(this, initModalCarousel(this))">
                    <img src="https://cdn.kosik.cz/content/product/jpg/list/placeholder.jpg" data-src="https://cdn.kosik.cz/content/product/jpg/list/68197.jpg" alt="Nekton Sardelové filety 50g" class="loading-images loading-image">
                </a>




        </div>
                <div class="product-item-info">
                <h5><a href="javascript:void(0)" aria-label="Nekton Sardelové filety 50g" data-href="/delikatesy?productWidget-widgetCarousel-13-id=50677&amp;do=productWidget-widgetCarousel-13-modal" class="product-name modal-link"
                   data-target="productWidget-widgetCarousel-13-productModal" onclick="kosikAjax.click(this, initModalCarousel(this))">
                    Nekton Sardelové filety 50g
                    <br><span class="new-product">Novinka</span>
                </a></h5>
            <p class="product-item-price ">
                <span class="price-before-discount">
				</span>
                <strong class="price">29,90 Kč</strong>

            </p>
            <p class="product-item-unit">
                    (<strong class="price">598,00 Kč</strong> / kg)
            </p>
                        <div class="product-list-rating">
            </div>
<div id="snippet-productWidget-widgetCarousel-13-buy-50677-quantity">        <div class="product-quantity-control">
            <form action="/delikatesy" method="post" class="ajax" id="frm-productWidget-widgetCarousel-13-buy-50677-quantityForm">
                <input type="text" name="quantity" size="3" id="frm-productWidget-widgetCarousel-13-buy-50677-quantityForm-quantity" data-nette-rules='[{"op":":integer","msg":"Množství musí být číslo."}]' value="1" aria-label="počet k přidání">
                <input type="submit" name="_submit" value="Přidat" class="product-quantity-control-submit plus" aria-label="přidat počet do košíku">
            <input type="hidden" name="do" value="productWidget-widgetCarousel-13-buy-50677-quantityForm-submit"><!--[if IE]><input type=IEbug disabled style="display:none"><![endif]-->
</form>

        </div>
</div>
                <p class="product-incart-info accessible">Produkt nemáte v košíku</p>


        </div>

        
    </div>
    <div id="product-append-50693" class="product-item">
        <div class="product-item-flags">
            <div class="flag-sale ">
                <span class="percents">19<small>&#37;</small></span>
            </div>
        </div>
        <div class="product-item-image">
                <a data-href="/delikatesy?productWidget-widgetCarousel-13-id=50693&amp;do=productWidget-widgetCarousel-13-modal"
                   data-target="productWidget-widgetCarousel-13-productModal"
                   data-product-id="50693"
                   data-product-price="123.9"
                   data-page-title="Nekton Carpaccio z lososa s vinným octem a parmezánem 100g"
                   data-page-path="/produkt/50693-nekton-carpaccio-z-lososa-s-vinnym-octem-a-parmezanem-100g"
                   data-user-id=""
                   aria-hidden="true"
                   data-kosikmodal-onclose="onProductModalDestroy"
                   onclick="kosikAjax.click(this, initModalCarousel(this))">
                    <img src="https://cdn.kosik.cz/content/product/jpg/list/placeholder.jpg" data-src="https://cdn.kosik.cz/content/product/jpg/list/68213.jpg" alt="Nekton Carpaccio z lososa s vinným octem a parmezánem 100g" class="loading-images loading-image">
                </a>




        </div>
                <div class="product-item-info">
                <h5><a href="javascript:void(0)" aria-label="Nekton Carpaccio z lososa s vinným octem a parmezánem 100g" data-href="/delikatesy?productWidget-widgetCarousel-13-id=50693&amp;do=productWidget-widgetCarousel-13-modal" class="product-name modal-link"
                   data-target="productWidget-widgetCarousel-13-productModal" onclick="kosikAjax.click(this, initModalCarousel(this))">
                    Nekton Carpaccio z lososa s vinným octem a parmezánem 100g
                    <br><span class="new-product">Novinka</span>
                </a></h5>
            <p class="product-item-price product-in-discount">
                <span class="price-before-discount">
					<span><strong class="price">123,90 Kč</strong></span>
				</span>
                <strong class="price">99,90 Kč</strong>

            </p>
            <p class="product-item-unit">
                    (<strong class="price">999,00 Kč</strong> / kg)
            </p>
                        <div class="product-list-rating">
            </div>
<div id="snippet-productWidget-widgetCarousel-13-buy-50693-quantity">        <div class="product-quantity-control">
            <form action="/delikatesy" method="post" class="ajax" id="frm-productWidget-widgetCarousel-13-buy-50693-quantityForm">
                <input type="text" name="quantity" size="3" id="frm-productWidget-widgetCarousel-13-buy-50693-quantityForm-quantity" data-nette-rules='[{"op":":integer","msg":"Množství musí být číslo."}]' value="1" aria-label="počet k přidání">
                <input type="submit" name="_submit" value="Přidat" class="product-quantity-control-submit plus" aria-label="přidat počet do košíku">
            <input type="hidden" name="do" value="productWidget-widgetCarousel-13-buy-50693-quantityForm-submit"><!--[if IE]><input type=IEbug disabled style="display:none"><![endif]-->
</form>

        </div>
</div>
                <p class="product-incart-info accessible">Produkt nemáte v košíku</p>


        </div>

        
    </div>
    <div id="product-append-43176" class="product-item">
        <div class="product-item-flags">
            <div class="flag-sale ">
                <span class="percents">14<small>&#37;</small></span>
            </div>
        </div>
        <div class="product-item-image">
                <a data-href="/delikatesy?productWidget-widgetCarousel-13-id=43176&amp;do=productWidget-widgetCarousel-13-modal"
                   data-target="productWidget-widgetCarousel-13-productModal"
                   data-product-id="43176"
                   data-product-price="69.9"
                   data-page-title="Snails day Jemná delikátní šnečí paštika 30g"
                   data-page-path="/produkt/43176-snails-day-jemna-delikatni-sneci-pastika-30g"
                   data-user-id=""
                   aria-hidden="true"
                   data-kosikmodal-onclose="onProductModalDestroy"
                   onclick="kosikAjax.click(this, initModalCarousel(this))">
                    <img src="https://cdn.kosik.cz/content/product/jpg/list/placeholder.jpg" data-src="https://cdn.kosik.cz/content/product/jpg/list/60893.jpg" alt="Snails day Jemná delikátní šnečí paštika 30g" class="loading-images loading-image">
                </a>




        </div>
                <div class="product-item-info">
                <h5><a href="javascript:void(0)" aria-label="Snails day Jemná delikátní šnečí paštika 30g" data-href="/delikatesy?productWidget-widgetCarousel-13-id=43176&amp;do=productWidget-widgetCarousel-13-modal" class="product-name modal-link"
                   data-target="productWidget-widgetCarousel-13-productModal" onclick="kosikAjax.click(this, initModalCarousel(this))">
                    Snails day Jemná delikátní šnečí paštika 30g
                    
                </a></h5>
            <p class="product-item-price product-in-discount">
                <span class="price-before-discount">
					<span><strong class="price">69,90 Kč</strong></span>
				</span>
                <strong class="price">59,90 Kč</strong>

            </p>
            <p class="product-item-unit">
                    (<strong class="price">1 996,70 Kč</strong> / kg)
            </p>
                        <div class="product-list-rating">
            </div>
<div id="snippet-productWidget-widgetCarousel-13-buy-43176-quantity">        <div class="product-quantity-control">
            <form action="/delikatesy" method="post" class="ajax" id="frm-productWidget-widgetCarousel-13-buy-43176-quantityForm">
                <input type="text" name="quantity" size="3" id="frm-productWidget-widgetCarousel-13-buy-43176-quantityForm-quantity" data-nette-rules='[{"op":":integer","msg":"Množství musí být číslo."}]' value="1" aria-label="počet k přidání">
                <input type="submit" name="_submit" value="Přidat" class="product-quantity-control-submit plus" aria-label="přidat počet do košíku">
            <input type="hidden" name="do" value="productWidget-widgetCarousel-13-buy-43176-quantityForm-submit"><!--[if IE]><input type=IEbug disabled style="display:none"><![endif]-->
</form>

        </div>
</div>
                <p class="product-incart-info accessible">Produkt nemáte v košíku</p>


        </div>

        
    </div>
    <div id="product-append-50685" class="product-item">
        <div class="product-item-flags">
            <div class="flag-sale ">
                <span class="percents">16<small>&#37;</small></span>
            </div>
        </div>
        <div class="product-item-image">
                <a data-href="/delikatesy?productWidget-widgetCarousel-13-id=50685&amp;do=productWidget-widgetCarousel-13-modal"
                   data-target="productWidget-widgetCarousel-13-productModal"
                   data-product-id="50685"
                   data-product-price="209"
                   data-page-title="Nekton Skandinávská mísa 200g"
                   data-page-path="/produkt/50685-nekton-skandinavska-misa-200g"
                   data-user-id=""
                   aria-hidden="true"
                   data-kosikmodal-onclose="onProductModalDestroy"
                   onclick="kosikAjax.click(this, initModalCarousel(this))">
                    <img src="https://cdn.kosik.cz/content/product/jpg/list/placeholder.jpg" data-src="https://cdn.kosik.cz/content/product/jpg/list/68205.jpg" alt="Nekton Skandinávská mísa 200g" class="loading-images loading-image">
                </a>




        </div>
                <div class="product-item-info">
                <h5><a href="javascript:void(0)" aria-label="Nekton Skandinávská mísa 200g" data-href="/delikatesy?productWidget-widgetCarousel-13-id=50685&amp;do=productWidget-widgetCarousel-13-modal" class="product-name modal-link"
                   data-target="productWidget-widgetCarousel-13-productModal" onclick="kosikAjax.click(this, initModalCarousel(this))">
                    Nekton Skandinávská mísa 200g
                    <br><span class="new-product">Novinka</span>
                </a></h5>
            <p class="product-item-price product-in-discount">
                <span class="price-before-discount">
					<span><strong class="price">209,00 Kč</strong></span>
				</span>
                <strong class="price">175,90 Kč</strong>

            </p>
            <p class="product-item-unit">
                    (<strong class="price">879,50 Kč</strong> / kg)
            </p>
                        <div class="product-list-rating">
            </div>
<div id="snippet-productWidget-widgetCarousel-13-buy-50685-quantity">        <div class="product-quantity-control">
            <form action="/delikatesy" method="post" class="ajax" id="frm-productWidget-widgetCarousel-13-buy-50685-quantityForm">
                <input type="text" name="quantity" size="3" id="frm-productWidget-widgetCarousel-13-buy-50685-quantityForm-quantity" data-nette-rules='[{"op":":integer","msg":"Množství musí být číslo."}]' value="1" aria-label="počet k přidání">
                <input type="submit" name="_submit" value="Přidat" class="product-quantity-control-submit plus" aria-label="přidat počet do košíku">
            <input type="hidden" name="do" value="productWidget-widgetCarousel-13-buy-50685-quantityForm-submit"><!--[if IE]><input type=IEbug disabled style="display:none"><![endif]-->
</form>

        </div>
</div>
                <p class="product-incart-info accessible">Produkt nemáte v košíku</p>


        </div>

        
    </div>
    <div id="product-append-9492" class="product-item">
        <div class="product-item-flags">
        </div>
        <div class="product-item-image">
                <a data-href="/delikatesy?productWidget-widgetCarousel-13-id=9492&amp;do=productWidget-widgetCarousel-13-modal"
                   data-target="productWidget-widgetCarousel-13-productModal"
                   data-product-id="9492"
                   data-product-price="139.9"
                   data-page-title="Almar Losos skotský uzený whiskey aroma plátky 95g"
                   data-page-path="/produkt/9492-almar-losos-skotsky-uzeny-whiskey-aroma-platky-95g"
                   data-user-id=""
                   aria-hidden="true"
                   data-kosikmodal-onclose="onProductModalDestroy"
                   onclick="kosikAjax.click(this, initModalCarousel(this))">
                    <img src="https://cdn.kosik.cz/content/product/jpg/list/placeholder.jpg" data-src="https://cdn.kosik.cz/content/product/jpg/list/21116.jpg" alt="Almar Losos skotský uzený whiskey aroma plátky 95g" class="loading-images loading-image">
                </a>




        </div>
                <div class="product-item-info">
                <h5><a href="javascript:void(0)" aria-label="Almar Losos skotský uzený whiskey aroma plátky 95g" data-href="/delikatesy?productWidget-widgetCarousel-13-id=9492&amp;do=productWidget-widgetCarousel-13-modal" class="product-name modal-link"
                   data-target="productWidget-widgetCarousel-13-productModal" onclick="kosikAjax.click(this, initModalCarousel(this))">
                    Almar Losos skotský uzený whiskey aroma plátky 95g
                    
                </a></h5>
            <p class="product-item-price ">
                <span class="price-before-discount">
				</span>
                <strong class="price">139,90 Kč</strong>

            </p>
            <p class="product-item-unit">
                    (<strong class="price">1 472,60 Kč</strong> / kg)
            </p>
                        <div class="product-list-rating">
            </div>
<div id="snippet-productWidget-widgetCarousel-13-buy-9492-quantity">        <div class="product-quantity-control">
            <form action="/delikatesy" method="post" class="ajax" id="frm-productWidget-widgetCarousel-13-buy-9492-quantityForm">
                <input type="text" name="quantity" size="3" id="frm-productWidget-widgetCarousel-13-buy-9492-quantityForm-quantity" data-nette-rules='[{"op":":integer","msg":"Množství musí být číslo."}]' value="1" aria-label="počet k přidání">
                <input type="submit" name="_submit" value="Přidat" class="product-quantity-control-submit plus" aria-label="přidat počet do košíku">
            <input type="hidden" name="do" value="productWidget-widgetCarousel-13-buy-9492-quantityForm-submit"><!--[if IE]><input type=IEbug disabled style="display:none"><![endif]-->
</form>

        </div>
</div>
                <p class="product-incart-info accessible">Produkt nemáte v košíku</p>


        </div>

        
    </div>
    <div id="product-append-10142" class="product-item">
        <div class="product-item-flags">
            <div class="flag-sale ">
                <span class="percents">17<small>&#37;</small></span>
            </div>
        </div>
        <div class="product-item-image">
                <a data-href="/delikatesy?productWidget-widgetCarousel-13-id=10142&amp;do=productWidget-widgetCarousel-13-modal"
                   data-target="productWidget-widgetCarousel-13-productModal"
                   data-product-id="10142"
                   data-product-price="34.9"
                   data-page-title="Nekton Kaviár z kapelínů černý 50g"
                   data-page-path="/produkt/10142-nekton-kaviar-z-kapelinu-cerny-50g"
                   data-user-id=""
                   aria-hidden="true"
                   data-kosikmodal-onclose="onProductModalDestroy"
                   onclick="kosikAjax.click(this, initModalCarousel(this))">
                    <img src="https://cdn.kosik.cz/content/product/jpg/list/placeholder.jpg" data-src="https://cdn.kosik.cz/content/product/jpg/list/27929.jpg" alt="Nekton Kaviár z kapelínů černý 50g" class="loading-images loading-image">
                </a>




        </div>
                <div class="product-item-info">
                <h5><a href="javascript:void(0)" aria-label="Nekton Kaviár z kapelínů černý 50g" data-href="/delikatesy?productWidget-widgetCarousel-13-id=10142&amp;do=productWidget-widgetCarousel-13-modal" class="product-name modal-link"
                   data-target="productWidget-widgetCarousel-13-productModal" onclick="kosikAjax.click(this, initModalCarousel(this))">
                    Nekton Kaviár z kapelínů černý 50g
                    
                </a></h5>
            <p class="product-item-price product-in-discount">
                <span class="price-before-discount">
					<span><strong class="price">34,90 Kč</strong></span>
				</span>
                <strong class="price">28,90 Kč</strong>

            </p>
            <p class="product-item-unit">
                    (<strong class="price">578,00 Kč</strong> / kg)
            </p>
                        <div class="product-list-rating">
            </div>
<div id="snippet-productWidget-widgetCarousel-13-buy-10142-quantity">        <div class="product-quantity-control">
            <form action="/delikatesy" method="post" class="ajax" id="frm-productWidget-widgetCarousel-13-buy-10142-quantityForm">
                <input type="text" name="quantity" size="3" id="frm-productWidget-widgetCarousel-13-buy-10142-quantityForm-quantity" data-nette-rules='[{"op":":integer","msg":"Množství musí být číslo."}]' value="1" aria-label="počet k přidání">
                <input type="submit" name="_submit" value="Přidat" class="product-quantity-control-submit plus" aria-label="přidat počet do košíku">
            <input type="hidden" name="do" value="productWidget-widgetCarousel-13-buy-10142-quantityForm-submit"><!--[if IE]><input type=IEbug disabled style="display:none"><![endif]-->
</form>

        </div>
</div>
                <p class="product-incart-info accessible">Produkt nemáte v košíku</p>


        </div>

        
    </div>
    <div id="product-append-43177" class="product-item">
        <div class="product-item-flags">
            <div class="flag-sale ">
                <span class="percents">11<small>&#37;</small></span>
            </div>
        </div>
        <div class="product-item-image">
                <a data-href="/delikatesy?productWidget-widgetCarousel-13-id=43177&amp;do=productWidget-widgetCarousel-13-modal"
                   data-target="productWidget-widgetCarousel-13-productModal"
                   data-product-id="43177"
                   data-product-price="119"
                   data-page-title="Snails day Šnečí jatýrka naložená v česnekovém oleji s bylinkami 35g"
                   data-page-path="/produkt/43177-snails-day-sneci-jatyrka-nalozena-v-cesnekovem-oleji-s-bylinkami-35g"
                   data-user-id=""
                   aria-hidden="true"
                   data-kosikmodal-onclose="onProductModalDestroy"
                   onclick="kosikAjax.click(this, initModalCarousel(this))">
                    <img src="https://cdn.kosik.cz/content/product/jpg/list/placeholder.jpg" data-src="https://cdn.kosik.cz/content/product/jpg/list/60894.jpg" alt="Snails day Šnečí jatýrka naložená v česnekovém oleji s bylinkami 35g" class="loading-images loading-image">
                </a>




        </div>
                <div class="product-item-info">
                <h5><a href="javascript:void(0)" aria-label="Snails day Šnečí jatýrka naložená v česnekovém oleji s bylinkami 35g" data-href="/delikatesy?productWidget-widgetCarousel-13-id=43177&amp;do=productWidget-widgetCarousel-13-modal" class="product-name modal-link"
                   data-target="productWidget-widgetCarousel-13-productModal" onclick="kosikAjax.click(this, initModalCarousel(this))">
                    Snails day Šnečí jatýrka naložená v česnekovém oleji s bylinkami 35g
                    
                </a></h5>
            <p class="product-item-price product-in-discount">
                <span class="price-before-discount">
					<span><strong class="price">119,00 Kč</strong></span>
				</span>
                <strong class="price">105,90 Kč</strong>

            </p>
            <p class="product-item-unit">
                    (<strong class="price">3 025,70 Kč</strong> / kg)
            </p>
                        <div class="product-list-rating">
            </div>
<div id="snippet-productWidget-widgetCarousel-13-buy-43177-quantity">        <div class="product-quantity-control">
            <form action="/delikatesy" method="post" class="ajax" id="frm-productWidget-widgetCarousel-13-buy-43177-quantityForm">
                <input type="text" name="quantity" size="3" id="frm-productWidget-widgetCarousel-13-buy-43177-quantityForm-quantity" data-nette-rules='[{"op":":integer","msg":"Množství musí být číslo."}]' value="1" aria-label="počet k přidání">
                <input type="submit" name="_submit" value="Přidat" class="product-quantity-control-submit plus" aria-label="přidat počet do košíku">
            <input type="hidden" name="do" value="productWidget-widgetCarousel-13-buy-43177-quantityForm-submit"><!--[if IE]><input type=IEbug disabled style="display:none"><![endif]-->
</form>

        </div>
</div>
                <p class="product-incart-info accessible">Produkt nemáte v košíku</p>


        </div>

        
    </div>
    <div id="product-append-52172" class="product-item">
        <div class="product-item-flags">
            <div class="flag-sale ">
                <span class="percents">18<small>&#37;</small></span>
            </div>
        </div>
        <div class="product-item-image">
                <a data-href="/delikatesy?productWidget-widgetCarousel-13-id=52172&amp;do=productWidget-widgetCarousel-13-modal"
                   data-target="productWidget-widgetCarousel-13-productModal"
                   data-product-id="52172"
                   data-product-price="76.9"
                   data-page-title="Váhala Vánoční aspikový kapřík 450g"
                   data-page-path="/produkt/52172-vahala-vanocni-aspikovy-kaprik-450g"
                   data-user-id=""
                   aria-hidden="true"
                   data-kosikmodal-onclose="onProductModalDestroy"
                   onclick="kosikAjax.click(this, initModalCarousel(this))">
                    <img src="https://cdn.kosik.cz/content/product/jpg/list/placeholder.jpg" data-src="https://cdn.kosik.cz/content/product/jpg/list/69763.jpg" alt="Váhala Vánoční aspikový kapřík 450g" class="loading-images loading-image">
                </a>




        </div>
                <div class="product-item-info">
                <h5><a href="javascript:void(0)" aria-label="Váhala Vánoční aspikový kapřík 450g" data-href="/delikatesy?productWidget-widgetCarousel-13-id=52172&amp;do=productWidget-widgetCarousel-13-modal" class="product-name modal-link"
                   data-target="productWidget-widgetCarousel-13-productModal" onclick="kosikAjax.click(this, initModalCarousel(this))">
                    Váhala Vánoční aspikový kapřík 450g
                    <br><span class="new-product">Novinka</span>
                </a></h5>
            <p class="product-item-price product-in-discount">
                <span class="price-before-discount">
					<span><strong class="price">76,90 Kč</strong></span>
				</span>
                <strong class="price">62,90 Kč</strong>

            </p>
            <p class="product-item-unit">
                    (<strong class="price">139,80 Kč</strong> / kg)
            </p>
                        <div class="product-list-rating">
            </div>
<div id="snippet-productWidget-widgetCarousel-13-buy-52172-quantity">        <div class="product-quantity-control">
            <form action="/delikatesy" method="post" class="ajax" id="frm-productWidget-widgetCarousel-13-buy-52172-quantityForm">
                <input type="text" name="quantity" size="3" id="frm-productWidget-widgetCarousel-13-buy-52172-quantityForm-quantity" data-nette-rules='[{"op":":integer","msg":"Množství musí být číslo."}]' value="1" aria-label="počet k přidání">
                <input type="submit" name="_submit" value="Přidat" class="product-quantity-control-submit plus" aria-label="přidat počet do košíku">
            <input type="hidden" name="do" value="productWidget-widgetCarousel-13-buy-52172-quantityForm-submit"><!--[if IE]><input type=IEbug disabled style="display:none"><![endif]-->
</form>

        </div>
</div>
                <p class="product-incart-info accessible">Produkt nemáte v košíku</p>


        </div>

        
    </div>
    <div id="product-append-50689" class="product-item">
        <div class="product-item-flags">
        </div>
        <div class="product-item-image">
                <a data-href="/delikatesy?productWidget-widgetCarousel-13-id=50689&amp;do=productWidget-widgetCarousel-13-modal"
                   data-target="productWidget-widgetCarousel-13-productModal"
                   data-product-id="50689"
                   data-product-price="99.9"
                   data-page-title="Nekton Steak z lososa uzený přírodní 125g"
                   data-page-path="/produkt/50689-nekton-steak-z-lososa-uzeny-prirodni-125g"
                   data-user-id=""
                   aria-hidden="true"
                   data-kosikmodal-onclose="onProductModalDestroy"
                   onclick="kosikAjax.click(this, initModalCarousel(this))">
                    <img src="https://cdn.kosik.cz/content/product/jpg/list/placeholder.jpg" data-src="https://cdn.kosik.cz/content/product/jpg/list/68209.jpg" alt="Nekton Steak z lososa uzený přírodní 125g" class="loading-images loading-image">
                </a>




        </div>
                <div class="product-item-info">
                <h5><a href="javascript:void(0)" aria-label="Nekton Steak z lososa uzený přírodní 125g" data-href="/delikatesy?productWidget-widgetCarousel-13-id=50689&amp;do=productWidget-widgetCarousel-13-modal" class="product-name modal-link"
                   data-target="productWidget-widgetCarousel-13-productModal" onclick="kosikAjax.click(this, initModalCarousel(this))">
                    Nekton Steak z lososa uzený přírodní 125g
                    <br><span class="new-product">Novinka</span>
                </a></h5>
            <p class="product-item-price ">
                <span class="price-before-discount">
				</span>
                <strong class="price">99,90 Kč</strong>

            </p>
            <p class="product-item-unit">
                    (<strong class="price">799,20 Kč</strong> / kg)
            </p>
                        <div class="product-list-rating">
            </div>
<div id="snippet-productWidget-widgetCarousel-13-buy-50689-quantity">        <div class="product-quantity-control">
            <form action="/delikatesy" method="post" class="ajax" id="frm-productWidget-widgetCarousel-13-buy-50689-quantityForm">
                <input type="text" name="quantity" size="3" id="frm-productWidget-widgetCarousel-13-buy-50689-quantityForm-quantity" data-nette-rules='[{"op":":integer","msg":"Množství musí být číslo."}]' value="1" aria-label="počet k přidání">
                <input type="submit" name="_submit" value="Přidat" class="product-quantity-control-submit plus" aria-label="přidat počet do košíku">
            <input type="hidden" name="do" value="productWidget-widgetCarousel-13-buy-50689-quantityForm-submit"><!--[if IE]><input type=IEbug disabled style="display:none"><![endif]-->
</form>

        </div>
</div>
                <p class="product-incart-info accessible">Produkt nemáte v košíku</p>


        </div>

        
    </div>
    <div id="product-append-13048" class="product-item">
        <div class="product-item-flags">
        </div>
        <div class="product-item-image">
                <a data-href="/delikatesy?productWidget-widgetCarousel-13-id=13048&amp;do=productWidget-widgetCarousel-13-modal"
                   data-target="productWidget-widgetCarousel-13-productModal"
                   data-product-id="13048"
                   data-product-price="94.9"
                   data-page-title="Villaregia Mořský salát polesana 200g"
                   data-page-path="/produkt/13048-villaregia-morsky-salat-polesana-200g"
                   data-user-id=""
                   aria-hidden="true"
                   data-kosikmodal-onclose="onProductModalDestroy"
                   onclick="kosikAjax.click(this, initModalCarousel(this))">
                    <img src="https://cdn.kosik.cz/content/product/jpg/list/placeholder.jpg" data-src="https://cdn.kosik.cz/content/product/jpg/list/30394.jpg" alt="Villaregia Mořský salát polesana 200g" class="loading-images loading-image">
                </a>




        </div>
                <div class="product-item-info">
                <h5><a href="javascript:void(0)" aria-label="Villaregia Mořský salát polesana 200g" data-href="/delikatesy?productWidget-widgetCarousel-13-id=13048&amp;do=productWidget-widgetCarousel-13-modal" class="product-name modal-link"
                   data-target="productWidget-widgetCarousel-13-productModal" onclick="kosikAjax.click(this, initModalCarousel(this))">
                    Villaregia Mořský salát polesana 200g
                    <br><span class="new-product">Novinka</span>
                </a></h5>
            <p class="product-item-price ">
                <span class="price-before-discount">
				</span>
                <strong class="price">94,90 Kč</strong>

            </p>
            <p class="product-item-unit">
                    (<strong class="price">474,50 Kč</strong> / kg)
            </p>
                        <div class="product-list-rating">
            </div>
<div id="snippet-productWidget-widgetCarousel-13-buy-13048-quantity">        <div class="product-quantity-control">
            <form action="/delikatesy" method="post" class="ajax" id="frm-productWidget-widgetCarousel-13-buy-13048-quantityForm">
                <input type="text" name="quantity" size="3" id="frm-productWidget-widgetCarousel-13-buy-13048-quantityForm-quantity" data-nette-rules='[{"op":":integer","msg":"Množství musí být číslo."}]' value="1" aria-label="počet k přidání">
                <input type="submit" name="_submit" value="Přidat" class="product-quantity-control-submit plus" aria-label="přidat počet do košíku">
            <input type="hidden" name="do" value="productWidget-widgetCarousel-13-buy-13048-quantityForm-submit"><!--[if IE]><input type=IEbug disabled style="display:none"><![endif]-->
</form>

        </div>
</div>
                <p class="product-incart-info accessible">Produkt nemáte v košíku</p>


        </div>

        
    </div>
    <div id="product-append-50690" class="product-item">
        <div class="product-item-flags">
        </div>
        <div class="product-item-image">
                <a data-href="/delikatesy?productWidget-widgetCarousel-13-id=50690&amp;do=productWidget-widgetCarousel-13-modal"
                   data-target="productWidget-widgetCarousel-13-productModal"
                   data-product-id="50690"
                   data-product-price="99.9"
                   data-page-title="Nekton Steak z lososa uzený s pepřem 125g"
                   data-page-path="/produkt/50690-nekton-steak-z-lososa-uzeny-s-peprem-125g"
                   data-user-id=""
                   aria-hidden="true"
                   data-kosikmodal-onclose="onProductModalDestroy"
                   onclick="kosikAjax.click(this, initModalCarousel(this))">
                    <img src="https://cdn.kosik.cz/content/product/jpg/list/placeholder.jpg" data-src="https://cdn.kosik.cz/content/product/jpg/list/68210.jpg" alt="Nekton Steak z lososa uzený s pepřem 125g" class="loading-images loading-image">
                </a>




        </div>
                <div class="product-item-info">
                <h5><a href="javascript:void(0)" aria-label="Nekton Steak z lososa uzený s pepřem 125g" data-href="/delikatesy?productWidget-widgetCarousel-13-id=50690&amp;do=productWidget-widgetCarousel-13-modal" class="product-name modal-link"
                   data-target="productWidget-widgetCarousel-13-productModal" onclick="kosikAjax.click(this, initModalCarousel(this))">
                    Nekton Steak z lososa uzený s pepřem 125g
                    <br><span class="new-product">Novinka</span>
                </a></h5>
            <p class="product-item-price ">
                <span class="price-before-discount">
				</span>
                <strong class="price">99,90 Kč</strong>

            </p>
            <p class="product-item-unit">
                    (<strong class="price">799,20 Kč</strong> / kg)
            </p>
                        <div class="product-list-rating">
            </div>
<div id="snippet-productWidget-widgetCarousel-13-buy-50690-quantity">        <div class="product-quantity-control">
            <form action="/delikatesy" method="post" class="ajax" id="frm-productWidget-widgetCarousel-13-buy-50690-quantityForm">
                <input type="text" name="quantity" size="3" id="frm-productWidget-widgetCarousel-13-buy-50690-quantityForm-quantity" data-nette-rules='[{"op":":integer","msg":"Množství musí být číslo."}]' value="1" aria-label="počet k přidání">
                <input type="submit" name="_submit" value="Přidat" class="product-quantity-control-submit plus" aria-label="přidat počet do košíku">
            <input type="hidden" name="do" value="productWidget-widgetCarousel-13-buy-50690-quantityForm-submit"><!--[if IE]><input type=IEbug disabled style="display:none"><![endif]-->
</form>

        </div>
</div>
                <p class="product-incart-info accessible">Produkt nemáte v košíku</p>


        </div>

        
    </div>
    <div id="product-append-50676" class="product-item">
        <div class="product-item-flags">
        </div>
        <div class="product-item-image">
                <a data-href="/delikatesy?productWidget-widgetCarousel-13-id=50676&amp;do=productWidget-widgetCarousel-13-modal"
                   data-target="productWidget-widgetCarousel-13-productModal"
                   data-product-id="50676"
                   data-product-price="29.9"
                   data-page-title="Nekton Sardelová očka s kapary 50g"
                   data-page-path="/produkt/50676-nekton-sardelova-ocka-s-kapary-50g"
                   data-user-id=""
                   aria-hidden="true"
                   data-kosikmodal-onclose="onProductModalDestroy"
                   onclick="kosikAjax.click(this, initModalCarousel(this))">
                    <img src="https://cdn.kosik.cz/content/product/jpg/list/placeholder.jpg" data-src="https://cdn.kosik.cz/content/product/jpg/list/68196.jpg" alt="Nekton Sardelová očka s kapary 50g" class="loading-images loading-image">
                </a>




        </div>
                <div class="product-item-info">
                <h5><a href="javascript:void(0)" aria-label="Nekton Sardelová očka s kapary 50g" data-href="/delikatesy?productWidget-widgetCarousel-13-id=50676&amp;do=productWidget-widgetCarousel-13-modal" class="product-name modal-link"
                   data-target="productWidget-widgetCarousel-13-productModal" onclick="kosikAjax.click(this, initModalCarousel(this))">
                    Nekton Sardelová očka s kapary 50g
                    <br><span class="new-product">Novinka</span>
                </a></h5>
            <p class="product-item-price ">
                <span class="price-before-discount">
				</span>
                <strong class="price">29,90 Kč</strong>

            </p>
            <p class="product-item-unit">
                    (<strong class="price">598,00 Kč</strong> / kg)
            </p>
                        <div class="product-list-rating">
            </div>
<div id="snippet-productWidget-widgetCarousel-13-buy-50676-quantity">        <div class="product-quantity-control">
            <form action="/delikatesy" method="post" class="ajax" id="frm-productWidget-widgetCarousel-13-buy-50676-quantityForm">
                <input type="text" name="quantity" size="3" id="frm-productWidget-widgetCarousel-13-buy-50676-quantityForm-quantity" data-nette-rules='[{"op":":integer","msg":"Množství musí být číslo."}]' value="1" aria-label="počet k přidání">
                <input type="submit" name="_submit" value="Přidat" class="product-quantity-control-submit plus" aria-label="přidat počet do košíku">
            <input type="hidden" name="do" value="productWidget-widgetCarousel-13-buy-50676-quantityForm-submit"><!--[if IE]><input type=IEbug disabled style="display:none"><![endif]-->
</form>

        </div>
</div>
                <p class="product-incart-info accessible">Produkt nemáte v košíku</p>


        </div>

        
    </div>
    <div id="product-append-49895" class="product-item">
        <div class="product-item-flags">
        </div>
        <div class="product-item-image">
                <a data-href="/delikatesy?productWidget-widgetCarousel-13-id=49895&amp;do=productWidget-widgetCarousel-13-modal"
                   data-target="productWidget-widgetCarousel-13-productModal"
                   data-product-id="49895"
                   data-product-price="36.9"
                   data-page-title="Rybex Pasta z nepravého kaviáru 100g"
                   data-page-path="/produkt/49895-rybex-pasta-z-nepraveho-kaviaru-100g"
                   data-user-id=""
                   aria-hidden="true"
                   data-kosikmodal-onclose="onProductModalDestroy"
                   onclick="kosikAjax.click(this, initModalCarousel(this))">
                    <img src="https://cdn.kosik.cz/content/product/jpg/list/placeholder.jpg" data-src="https://cdn.kosik.cz/content/product/jpg/list/67477.jpg" alt="Rybex Pasta z nepravého kaviáru 100g" class="loading-images loading-image">
                </a>




        </div>
                <div class="product-item-info">
                <h5><a href="javascript:void(0)" aria-label="Rybex Pasta z nepravého kaviáru 100g" data-href="/delikatesy?productWidget-widgetCarousel-13-id=49895&amp;do=productWidget-widgetCarousel-13-modal" class="product-name modal-link"
                   data-target="productWidget-widgetCarousel-13-productModal" onclick="kosikAjax.click(this, initModalCarousel(this))">
                    Rybex Pasta z nepravého kaviáru 100g
                    
                </a></h5>
            <p class="product-item-price ">
                <span class="price-before-discount">
				</span>
                <strong class="price">36,90 Kč</strong>

            </p>
            <p class="product-item-unit">
                    (<strong class="price">369,00 Kč</strong> / kg)
            </p>
                        <div class="product-list-rating">
            </div>
<div id="snippet-productWidget-widgetCarousel-13-buy-49895-quantity">        <div class="product-quantity-control">
            <form action="/delikatesy" method="post" class="ajax" id="frm-productWidget-widgetCarousel-13-buy-49895-quantityForm">
                <input type="text" name="quantity" size="3" id="frm-productWidget-widgetCarousel-13-buy-49895-quantityForm-quantity" data-nette-rules='[{"op":":integer","msg":"Množství musí být číslo."}]' value="1" aria-label="počet k přidání">
                <input type="submit" name="_submit" value="Přidat" class="product-quantity-control-submit plus" aria-label="přidat počet do košíku">
            <input type="hidden" name="do" value="productWidget-widgetCarousel-13-buy-49895-quantityForm-submit"><!--[if IE]><input type=IEbug disabled style="display:none"><![endif]-->
</form>

        </div>
</div>
                <p class="product-incart-info accessible">Produkt nemáte v košíku</p>


        </div>

        
    </div>
    <div id="product-append-43175" class="product-item">
        <div class="product-item-flags">
            <div class="flag-sale ">
                <span class="percents">20<small>&#37;</small></span>
            </div>
        </div>
        <div class="product-item-image">
                <a data-href="/delikatesy?productWidget-widgetCarousel-13-id=43175&amp;do=productWidget-widgetCarousel-13-modal"
                   data-target="productWidget-widgetCarousel-13-productModal"
                   data-product-id="43175"
                   data-product-price="199"
                   data-page-title="Snails day Šneci po burgunsku mražené 12ks"
                   data-page-path="/produkt/43175-snails-day-sneci-po-burgunsku-mrazene-12ks"
                   data-user-id=""
                   aria-hidden="true"
                   data-kosikmodal-onclose="onProductModalDestroy"
                   onclick="kosikAjax.click(this, initModalCarousel(this))">
                    <img src="https://cdn.kosik.cz/content/product/jpg/list/placeholder.jpg" data-src="https://cdn.kosik.cz/content/product/jpg/list/60892.jpg" alt="Snails day Šneci po burgunsku mražené 12ks" class="loading-images loading-image">
                </a>




        </div>
                <div class="product-item-info">
                <h5><a href="javascript:void(0)" aria-label="Snails day Šneci po burgunsku mražené 12ks" data-href="/delikatesy?productWidget-widgetCarousel-13-id=43175&amp;do=productWidget-widgetCarousel-13-modal" class="product-name modal-link"
                   data-target="productWidget-widgetCarousel-13-productModal" onclick="kosikAjax.click(this, initModalCarousel(this))">
                    Snails day Šneci po burgunsku mražené 12ks
                    <br><span class="new-product">Novinka</span>
                </a></h5>
            <p class="product-item-price product-in-discount">
                <span class="price-before-discount">
					<span><strong class="price">199,00 Kč</strong></span>
				</span>
                <strong class="price">159,00 Kč</strong>

            </p>
            <p class="product-item-unit">
                    (<strong class="price">13,30 Kč</strong> / ks)
            </p>
                        <div class="product-list-rating">
            </div>
<div id="snippet-productWidget-widgetCarousel-13-buy-43175-quantity">        <div class="product-quantity-control">
            <form action="/delikatesy" method="post" class="ajax" id="frm-productWidget-widgetCarousel-13-buy-43175-quantityForm">
                <input type="text" name="quantity" size="3" id="frm-productWidget-widgetCarousel-13-buy-43175-quantityForm-quantity" data-nette-rules='[{"op":":integer","msg":"Množství musí být číslo."}]' value="1" aria-label="počet k přidání">
                <input type="submit" name="_submit" value="Přidat" class="product-quantity-control-submit plus" aria-label="přidat počet do košíku">
            <input type="hidden" name="do" value="productWidget-widgetCarousel-13-buy-43175-quantityForm-submit"><!--[if IE]><input type=IEbug disabled style="display:none"><![endif]-->
</form>

        </div>
</div>
                <p class="product-incart-info accessible">Produkt nemáte v košíku</p>


        </div>

        
    </div>
    <div id="product-append-10143" class="product-item">
        <div class="product-item-flags">
            <div class="flag-sale ">
                <span class="percents">17<small>&#37;</small></span>
            </div>
        </div>
        <div class="product-item-image">
                <a data-href="/delikatesy?productWidget-widgetCarousel-13-id=10143&amp;do=productWidget-widgetCarousel-13-modal"
                   data-target="productWidget-widgetCarousel-13-productModal"
                   data-product-id="10143"
                   data-product-price="34.9"
                   data-page-title="Nekton Kaviár z kapelínů červený 50g"
                   data-page-path="/produkt/10143-nekton-kaviar-z-kapelinu-cerveny-50g"
                   data-user-id=""
                   aria-hidden="true"
                   data-kosikmodal-onclose="onProductModalDestroy"
                   onclick="kosikAjax.click(this, initModalCarousel(this))">
                    <img src="https://cdn.kosik.cz/content/product/jpg/list/placeholder.jpg" data-src="https://cdn.kosik.cz/content/product/jpg/list/27930.jpg" alt="Nekton Kaviár z kapelínů červený 50g" class="loading-images loading-image">
                </a>




        </div>
                <div class="product-item-info">
                <h5><a href="javascript:void(0)" aria-label="Nekton Kaviár z kapelínů červený 50g" data-href="/delikatesy?productWidget-widgetCarousel-13-id=10143&amp;do=productWidget-widgetCarousel-13-modal" class="product-name modal-link"
                   data-target="productWidget-widgetCarousel-13-productModal" onclick="kosikAjax.click(this, initModalCarousel(this))">
                    Nekton Kaviár z kapelínů červený 50g
                    
                </a></h5>
            <p class="product-item-price product-in-discount">
                <span class="price-before-discount">
					<span><strong class="price">34,90 Kč</strong></span>
				</span>
                <strong class="price">28,90 Kč</strong>

            </p>
            <p class="product-item-unit">
                    (<strong class="price">578,00 Kč</strong> / kg)
            </p>
                        <div class="product-list-rating">
            </div>
<div id="snippet-productWidget-widgetCarousel-13-buy-10143-quantity">        <div class="product-quantity-control">
            <form action="/delikatesy" method="post" class="ajax" id="frm-productWidget-widgetCarousel-13-buy-10143-quantityForm">
                <input type="text" name="quantity" size="3" id="frm-productWidget-widgetCarousel-13-buy-10143-quantityForm-quantity" data-nette-rules='[{"op":":integer","msg":"Množství musí být číslo."}]' value="1" aria-label="počet k přidání">
                <input type="submit" name="_submit" value="Přidat" class="product-quantity-control-submit plus" aria-label="přidat počet do košíku">
            <input type="hidden" name="do" value="productWidget-widgetCarousel-13-buy-10143-quantityForm-submit"><!--[if IE]><input type=IEbug disabled style="display:none"><![endif]-->
</form>

        </div>
</div>
                <p class="product-incart-info accessible">Produkt nemáte v košíku</p>


        </div>

        
    </div>
    <div id="product-append-49897" class="product-item">
        <div class="product-item-flags">
        </div>
        <div class="product-item-image">
                <a data-href="/delikatesy?productWidget-widgetCarousel-13-id=49897&amp;do=productWidget-widgetCarousel-13-modal"
                   data-target="productWidget-widgetCarousel-13-productModal"
                   data-product-id="49897"
                   data-product-price="36.9"
                   data-page-title="Rybex Lososová pasta 100g"
                   data-page-path="/produkt/49897-rybex-lososova-pasta-100g"
                   data-user-id=""
                   aria-hidden="true"
                   data-kosikmodal-onclose="onProductModalDestroy"
                   onclick="kosikAjax.click(this, initModalCarousel(this))">
                    <img src="https://cdn.kosik.cz/content/product/jpg/list/placeholder.jpg" data-src="https://cdn.kosik.cz/content/product/jpg/list/67479.jpg" alt="Rybex Lososová pasta 100g" class="loading-images loading-image">
                </a>




        </div>
                <div class="product-item-info">
                <h5><a href="javascript:void(0)" aria-label="Rybex Lososová pasta 100g" data-href="/delikatesy?productWidget-widgetCarousel-13-id=49897&amp;do=productWidget-widgetCarousel-13-modal" class="product-name modal-link"
                   data-target="productWidget-widgetCarousel-13-productModal" onclick="kosikAjax.click(this, initModalCarousel(this))">
                    Rybex Lososová pasta 100g
                    
                </a></h5>
            <p class="product-item-price ">
                <span class="price-before-discount">
				</span>
                <strong class="price">36,90 Kč</strong>

            </p>
            <p class="product-item-unit">
                    (<strong class="price">369,00 Kč</strong> / kg)
            </p>
                        <div class="product-list-rating">
            </div>
<div id="snippet-productWidget-widgetCarousel-13-buy-49897-quantity">        <div class="product-quantity-control">
            <form action="/delikatesy" method="post" class="ajax" id="frm-productWidget-widgetCarousel-13-buy-49897-quantityForm">
                <input type="text" name="quantity" size="3" id="frm-productWidget-widgetCarousel-13-buy-49897-quantityForm-quantity" data-nette-rules='[{"op":":integer","msg":"Množství musí být číslo."}]' value="1" aria-label="počet k přidání">
                <input type="submit" name="_submit" value="Přidat" class="product-quantity-control-submit plus" aria-label="přidat počet do košíku">
            <input type="hidden" name="do" value="productWidget-widgetCarousel-13-buy-49897-quantityForm-submit"><!--[if IE]><input type=IEbug disabled style="display:none"><![endif]-->
</form>

        </div>
</div>
                <p class="product-incart-info accessible">Produkt nemáte v košíku</p>


        </div>

        
    </div>
    <div id="product-append-13017" class="product-item">
        <div class="product-item-flags">
        </div>
        <div class="product-item-image">
                <a data-href="/delikatesy?productWidget-widgetCarousel-13-id=13017&amp;do=productWidget-widgetCarousel-13-modal"
                   data-target="productWidget-widgetCarousel-13-productModal"
                   data-product-id="13017"
                   data-product-price="24.9"
                   data-page-title="Rybex Drcená treska á la losos 120g"
                   data-page-path="/produkt/13017-rybex-drcena-treska-a-la-losos-120g"
                   data-user-id=""
                   aria-hidden="true"
                   data-kosikmodal-onclose="onProductModalDestroy"
                   onclick="kosikAjax.click(this, initModalCarousel(this))">
                    <img src="https://cdn.kosik.cz/content/product/jpg/list/placeholder.jpg" data-src="https://cdn.kosik.cz/content/product/jpg/list/30363.jpg" alt="Rybex Drcená treska á la losos 120g" class="loading-images loading-image">
                </a>




        </div>
                <div class="product-item-info">
                <h5><a href="javascript:void(0)" aria-label="Rybex Drcená treska á la losos 120g" data-href="/delikatesy?productWidget-widgetCarousel-13-id=13017&amp;do=productWidget-widgetCarousel-13-modal" class="product-name modal-link"
                   data-target="productWidget-widgetCarousel-13-productModal" onclick="kosikAjax.click(this, initModalCarousel(this))">
                    Rybex Drcená treska á la losos 120g
                    
                </a></h5>
            <p class="product-item-price ">
                <span class="price-before-discount">
				</span>
                <strong class="price">24,90 Kč</strong>

            </p>
            <p class="product-item-unit">
                    (<strong class="price">207,50 Kč</strong> / kg)
            </p>
                        <div class="product-list-rating">
            </div>
<div id="snippet-productWidget-widgetCarousel-13-buy-13017-quantity">        <div class="product-quantity-control">
            <form action="/delikatesy" method="post" class="ajax" id="frm-productWidget-widgetCarousel-13-buy-13017-quantityForm">
                <input type="text" name="quantity" size="3" id="frm-productWidget-widgetCarousel-13-buy-13017-quantityForm-quantity" data-nette-rules='[{"op":":integer","msg":"Množství musí být číslo."}]' value="1" aria-label="počet k přidání">
                <input type="submit" name="_submit" value="Přidat" class="product-quantity-control-submit plus" aria-label="přidat počet do košíku">
            <input type="hidden" name="do" value="productWidget-widgetCarousel-13-buy-13017-quantityForm-submit"><!--[if IE]><input type=IEbug disabled style="display:none"><![endif]-->
</form>

        </div>
</div>
                <p class="product-incart-info accessible">Produkt nemáte v košíku</p>


        </div>

        
    </div>
    <div id="product-append-44996" class="product-item">
        <div class="product-item-flags">
        </div>
        <div class="product-item-image">
                <a data-href="/delikatesy?productWidget-widgetCarousel-13-id=44996&amp;do=productWidget-widgetCarousel-13-modal"
                   data-target="productWidget-widgetCarousel-13-productModal"
                   data-product-id="44996"
                   data-product-price="109"
                   data-page-title="Villaregia Chobotničky 200g"
                   data-page-path="/produkt/44996-villaregia-chobotnicky-200g"
                   data-user-id=""
                   aria-hidden="true"
                   data-kosikmodal-onclose="onProductModalDestroy"
                   onclick="kosikAjax.click(this, initModalCarousel(this))">
                    <img src="https://cdn.kosik.cz/content/product/jpg/list/placeholder.jpg" data-src="https://cdn.kosik.cz/content/product/jpg/list/62713.jpg" alt="Villaregia Chobotničky 200g" class="loading-images loading-image">
                </a>




        </div>
                <div class="product-item-info">
                <h5><a href="javascript:void(0)" aria-label="Villaregia Chobotničky 200g" data-href="/delikatesy?productWidget-widgetCarousel-13-id=44996&amp;do=productWidget-widgetCarousel-13-modal" class="product-name modal-link"
                   data-target="productWidget-widgetCarousel-13-productModal" onclick="kosikAjax.click(this, initModalCarousel(this))">
                    Villaregia Chobotničky 200g
                    
                </a></h5>
            <p class="product-item-price ">
                <span class="price-before-discount">
				</span>
                <strong class="price">109,00 Kč</strong>

            </p>
            <p class="product-item-unit">
                    (<strong class="price">545,00 Kč</strong> / Kg)
            </p>
                        <div class="product-list-rating">
            </div>
<div id="snippet-productWidget-widgetCarousel-13-buy-44996-quantity">        <div class="product-quantity-control">
            <form action="/delikatesy" method="post" class="ajax" id="frm-productWidget-widgetCarousel-13-buy-44996-quantityForm">
                <input type="text" name="quantity" size="3" id="frm-productWidget-widgetCarousel-13-buy-44996-quantityForm-quantity" data-nette-rules='[{"op":":integer","msg":"Množství musí být číslo."}]' value="1" aria-label="počet k přidání">
                <input type="submit" name="_submit" value="Přidat" class="product-quantity-control-submit plus" aria-label="přidat počet do košíku">
            <input type="hidden" name="do" value="productWidget-widgetCarousel-13-buy-44996-quantityForm-submit"><!--[if IE]><input type=IEbug disabled style="display:none"><![endif]-->
</form>

        </div>
</div>
                <p class="product-incart-info accessible">Produkt nemáte v košíku</p>


        </div>

        
    </div>
    <div id="product-append-50688" class="product-item">
        <div class="product-item-flags">
            <div class="flag-sale ">
                <span class="percents">22<small>&#37;</small></span>
            </div>
        </div>
        <div class="product-item-image">
                <a data-href="/delikatesy?productWidget-widgetCarousel-13-id=50688&amp;do=productWidget-widgetCarousel-13-modal"
                   data-target="productWidget-widgetCarousel-13-productModal"
                   data-product-id="50688"
                   data-product-price="114.9"
                   data-page-title="Nekton Losos uzený na švédský způsob 100g"
                   data-page-path="/produkt/50688-nekton-losos-uzeny-na-svedsky-zpusob-100g"
                   data-user-id=""
                   aria-hidden="true"
                   data-kosikmodal-onclose="onProductModalDestroy"
                   onclick="kosikAjax.click(this, initModalCarousel(this))">
                    <img src="https://cdn.kosik.cz/content/product/jpg/list/placeholder.jpg" data-src="https://cdn.kosik.cz/content/product/jpg/list/68208.jpg" alt="Nekton Losos uzený na švédský způsob 100g" class="loading-images loading-image">
                </a>




        </div>
                <div class="product-item-info">
                <h5><a href="javascript:void(0)" aria-label="Nekton Losos uzený na švédský způsob 100g" data-href="/delikatesy?productWidget-widgetCarousel-13-id=50688&amp;do=productWidget-widgetCarousel-13-modal" class="product-name modal-link"
                   data-target="productWidget-widgetCarousel-13-productModal" onclick="kosikAjax.click(this, initModalCarousel(this))">
                    Nekton Losos uzený na švédský způsob 100g
                    <br><span class="new-product">Novinka</span>
                </a></h5>
            <p class="product-item-price product-in-discount">
                <span class="price-before-discount">
					<span><strong class="price">114,90 Kč</strong></span>
				</span>
                <strong class="price">89,90 Kč</strong>

            </p>
            <p class="product-item-unit">
                    (<strong class="price">899,00 Kč</strong> / kg)
            </p>
                        <div class="product-list-rating">
            </div>
<div id="snippet-productWidget-widgetCarousel-13-buy-50688-quantity">        <div class="product-quantity-control">
            <form action="/delikatesy" method="post" class="ajax" id="frm-productWidget-widgetCarousel-13-buy-50688-quantityForm">
                <input type="text" name="quantity" size="3" id="frm-productWidget-widgetCarousel-13-buy-50688-quantityForm-quantity" data-nette-rules='[{"op":":integer","msg":"Množství musí být číslo."}]' value="1" aria-label="počet k přidání">
                <input type="submit" name="_submit" value="Přidat" class="product-quantity-control-submit plus" aria-label="přidat počet do košíku">
            <input type="hidden" name="do" value="productWidget-widgetCarousel-13-buy-50688-quantityForm-submit"><!--[if IE]><input type=IEbug disabled style="display:none"><![endif]-->
</form>

        </div>
</div>
                <p class="product-incart-info accessible">Produkt nemáte v košíku</p>


        </div>

        
    </div>
    <div id="product-append-50683" class="product-item">
        <div class="product-item-flags">
        </div>
        <div class="product-item-image">
                <a data-href="/delikatesy?productWidget-widgetCarousel-13-id=50683&amp;do=productWidget-widgetCarousel-13-modal"
                   data-target="productWidget-widgetCarousel-13-productModal"
                   data-product-id="50683"
                   data-product-price="104.9"
                   data-page-title="Nekton Pstruh lososovitý růžovomasý uzený plátky 100g"
                   data-page-path="/produkt/50683-nekton-pstruh-lososovity-ruzovomasy-uzeny-platky-100g"
                   data-user-id=""
                   aria-hidden="true"
                   data-kosikmodal-onclose="onProductModalDestroy"
                   onclick="kosikAjax.click(this, initModalCarousel(this))">
                    <img src="https://cdn.kosik.cz/content/product/jpg/list/placeholder.jpg" data-src="https://cdn.kosik.cz/content/product/jpg/list/68203.jpg" alt="Nekton Pstruh lososovitý růžovomasý uzený plátky 100g" class="loading-images loading-image">
                </a>




        </div>
                <div class="product-item-info">
                <h5><a href="javascript:void(0)" aria-label="Nekton Pstruh lososovitý růžovomasý uzený plátky 100g" data-href="/delikatesy?productWidget-widgetCarousel-13-id=50683&amp;do=productWidget-widgetCarousel-13-modal" class="product-name modal-link"
                   data-target="productWidget-widgetCarousel-13-productModal" onclick="kosikAjax.click(this, initModalCarousel(this))">
                    Nekton Pstruh lososovitý růžovomasý uzený plátky 100g
                    <br><span class="new-product">Novinka</span>
                </a></h5>
            <p class="product-item-price ">
                <span class="price-before-discount">
				</span>
                <strong class="price">104,90 Kč</strong>

            </p>
            <p class="product-item-unit">
                    (<strong class="price">1 049,00 Kč</strong> / kg)
            </p>
                        <div class="product-list-rating">
            </div>
<div id="snippet-productWidget-widgetCarousel-13-buy-50683-quantity">        <div class="product-quantity-control">
            <form action="/delikatesy" method="post" class="ajax" id="frm-productWidget-widgetCarousel-13-buy-50683-quantityForm">
                <input type="text" name="quantity" size="3" id="frm-productWidget-widgetCarousel-13-buy-50683-quantityForm-quantity" data-nette-rules='[{"op":":integer","msg":"Množství musí být číslo."}]' value="1" aria-label="počet k přidání">
                <input type="submit" name="_submit" value="Přidat" class="product-quantity-control-submit plus" aria-label="přidat počet do košíku">
            <input type="hidden" name="do" value="productWidget-widgetCarousel-13-buy-50683-quantityForm-submit"><!--[if IE]><input type=IEbug disabled style="display:none"><![endif]-->
</form>

        </div>
</div>
                <p class="product-incart-info accessible">Produkt nemáte v košíku</p>


        </div>

        
    </div>
    <div id="product-append-50686" class="product-item">
        <div class="product-item-flags">
            <div class="flag-sale ">
                <span class="percents">22<small>&#37;</small></span>
            </div>
        </div>
        <div class="product-item-image">
                <a data-href="/delikatesy?productWidget-widgetCarousel-13-id=50686&amp;do=productWidget-widgetCarousel-13-modal"
                   data-target="productWidget-widgetCarousel-13-productModal"
                   data-product-id="50686"
                   data-product-price="114.9"
                   data-page-title="Nekton Losos uzený na španělský způsob 100g"
                   data-page-path="/produkt/50686-nekton-losos-uzeny-na-spanelsky-zpusob-100g"
                   data-user-id=""
                   aria-hidden="true"
                   data-kosikmodal-onclose="onProductModalDestroy"
                   onclick="kosikAjax.click(this, initModalCarousel(this))">
                    <img src="https://cdn.kosik.cz/content/product/jpg/list/placeholder.jpg" data-src="https://cdn.kosik.cz/content/product/jpg/list/68206.jpg" alt="Nekton Losos uzený na španělský způsob 100g" class="loading-images loading-image">
                </a>




        </div>
                <div class="product-item-info">
                <h5><a href="javascript:void(0)" aria-label="Nekton Losos uzený na španělský způsob 100g" data-href="/delikatesy?productWidget-widgetCarousel-13-id=50686&amp;do=productWidget-widgetCarousel-13-modal" class="product-name modal-link"
                   data-target="productWidget-widgetCarousel-13-productModal" onclick="kosikAjax.click(this, initModalCarousel(this))">
                    Nekton Losos uzený na španělský způsob 100g
                    <br><span class="new-product">Novinka</span>
                </a></h5>
            <p class="product-item-price product-in-discount">
                <span class="price-before-discount">
					<span><strong class="price">114,90 Kč</strong></span>
				</span>
                <strong class="price">89,90 Kč</strong>

            </p>
            <p class="product-item-unit">
                    (<strong class="price">899,00 Kč</strong> / kg)
            </p>
                        <div class="product-list-rating">
            </div>
<div id="snippet-productWidget-widgetCarousel-13-buy-50686-quantity">        <div class="product-quantity-control">
            <form action="/delikatesy" method="post" class="ajax" id="frm-productWidget-widgetCarousel-13-buy-50686-quantityForm">
                <input type="text" name="quantity" size="3" id="frm-productWidget-widgetCarousel-13-buy-50686-quantityForm-quantity" data-nette-rules='[{"op":":integer","msg":"Množství musí být číslo."}]' value="1" aria-label="počet k přidání">
                <input type="submit" name="_submit" value="Přidat" class="product-quantity-control-submit plus" aria-label="přidat počet do košíku">
            <input type="hidden" name="do" value="productWidget-widgetCarousel-13-buy-50686-quantityForm-submit"><!--[if IE]><input type=IEbug disabled style="display:none"><![endif]-->
</form>

        </div>
</div>
                <p class="product-incart-info accessible">Produkt nemáte v košíku</p>


        </div>

        
    </div>
</div>

<div class="kosik-modal-overlay product-modal" id="productWidget-widgetCarousel-13-productModal" role="dialog">
    <div class="kosik-modal-inner large super-scaled" id="snippet-productWidget-widgetCarousel-13-productModalArea">
    </div>
</div>


<div class="kosik-modal-overlay" id="productWidget-widgetCarousel-13-productSetModal" role="dialog">
    <div class="kosik-modal-inner large super-scaled" id="snippet-productWidget-widgetCarousel-13-productSetModalArea">
    </div>
</div>
			</div>
		</div>
		<div class="region region-carousel region-products no-aside product-widget">
			<div class="home-product-widget region-inner region-products-inner slick-carousel" data-open="3" data-close="4">
				<div class="block block-title">
					<h3>Sušené maso</h3>
				</div>
<script async>

    var onProductModalDestroy = function() {

    	var pageData = window.dataLayer[0];

        pageData["event"] = "ga.pageview";
        pageData["pagePath"] = window.location.pathname;
        pageData["pageTitle"] = window.document.title;

	    dataLayer.push(pageData);
    };
</script>
<div class="block block-product-items product-items" data-ajax-append="product-item" id="snippet-productWidget-widgetCarousel-14-productListArea">
    <div id="product-append-52493" class="product-item">
        <div class="product-item-flags">
        </div>
        <div class="product-item-image">
                <a data-href="/delikatesy?productWidget-widgetCarousel-14-id=52493&amp;do=productWidget-widgetCarousel-14-modal"
                   data-target="productWidget-widgetCarousel-14-productModal"
                   data-product-id="52493"
                   data-product-price="55.9"
                   data-page-title="Indiana Jerky Hovězí Original 25g"
                   data-page-path="/produkt/52493-indiana-jerky-hovezi-original-25g"
                   data-user-id=""
                   aria-hidden="true"
                   data-kosikmodal-onclose="onProductModalDestroy"
                   onclick="kosikAjax.click(this, initModalCarousel(this))">
                    <img src="https://cdn.kosik.cz/content/product/jpg/list/placeholder.jpg" data-src="https://cdn.kosik.cz/content/product/jpg/list/70095.jpg" alt="Indiana Jerky Hovězí Original 25g" class="loading-images loading-image">
                </a>




        </div>
                <div class="product-item-info">
                <h5><a href="javascript:void(0)" aria-label="Indiana Jerky Hovězí Original 25g" data-href="/delikatesy?productWidget-widgetCarousel-14-id=52493&amp;do=productWidget-widgetCarousel-14-modal" class="product-name modal-link"
                   data-target="productWidget-widgetCarousel-14-productModal" onclick="kosikAjax.click(this, initModalCarousel(this))">
                    Indiana Jerky Hovězí Original 25g
                    <br><span class="new-product">Novinka</span>
                </a></h5>
            <p class="product-item-price ">
                <span class="price-before-discount">
				</span>
                <strong class="price">55,90 Kč</strong>

            </p>
            <p class="product-item-unit">
                    (<strong class="price">2 236,00 Kč</strong> / kg)
            </p>
                        <div class="product-list-rating">
            </div>
<div id="snippet-productWidget-widgetCarousel-14-buy-52493-quantity">        <div class="product-quantity-control">
            <form action="/delikatesy" method="post" class="ajax" id="frm-productWidget-widgetCarousel-14-buy-52493-quantityForm">
                <input type="text" name="quantity" size="3" id="frm-productWidget-widgetCarousel-14-buy-52493-quantityForm-quantity" data-nette-rules='[{"op":":integer","msg":"Množství musí být číslo."}]' value="1" aria-label="počet k přidání">
                <input type="submit" name="_submit" value="Přidat" class="product-quantity-control-submit plus" aria-label="přidat počet do košíku">
            <input type="hidden" name="do" value="productWidget-widgetCarousel-14-buy-52493-quantityForm-submit"><!--[if IE]><input type=IEbug disabled style="display:none"><![endif]-->
</form>

        </div>
</div>
                <p class="product-incart-info accessible">Produkt nemáte v košíku</p>


        </div>

        
    </div>
    <div id="product-append-39687" class="product-item">
        <div class="product-item-flags">
        </div>
        <div class="product-item-image">
                <a data-href="/delikatesy?productWidget-widgetCarousel-14-id=39687&amp;do=productWidget-widgetCarousel-14-modal"
                   data-target="productWidget-widgetCarousel-14-productModal"
                   data-product-id="39687"
                   data-product-price="55.9"
                   data-page-title="Indiana Jerky Hovězí Hot&amp;Sweet 25g"
                   data-page-path="/produkt/39687-indiana-jerky-hovezi-hot-sweet-25g"
                   data-user-id=""
                   aria-hidden="true"
                   data-kosikmodal-onclose="onProductModalDestroy"
                   onclick="kosikAjax.click(this, initModalCarousel(this))">
                    <img src="https://cdn.kosik.cz/content/product/jpg/list/placeholder.jpg" data-src="https://cdn.kosik.cz/content/product/jpg/list/57404.jpg" alt="Indiana Jerky Hovězí Hot&amp;Sweet 25g" class="loading-images loading-image">
                </a>




        </div>
                <div class="product-item-info">
                <h5><a href="javascript:void(0)" aria-label="Indiana Jerky Hovězí Hot&amp;Sweet 25g" data-href="/delikatesy?productWidget-widgetCarousel-14-id=39687&amp;do=productWidget-widgetCarousel-14-modal" class="product-name modal-link"
                   data-target="productWidget-widgetCarousel-14-productModal" onclick="kosikAjax.click(this, initModalCarousel(this))">
                    Indiana Jerky Hovězí Hot&amp;Sweet 25g
                    <br><span class="new-product">Novinka</span>
                </a></h5>
            <p class="product-item-price ">
                <span class="price-before-discount">
				</span>
                <strong class="price">55,90 Kč</strong>

            </p>
            <p class="product-item-unit">
                    (<strong class="price">2 236,00 Kč</strong> / kg)
            </p>
                        <div class="product-list-rating">
            </div>
<div id="snippet-productWidget-widgetCarousel-14-buy-39687-quantity">        <div class="product-quantity-control">
            <form action="/delikatesy" method="post" class="ajax" id="frm-productWidget-widgetCarousel-14-buy-39687-quantityForm">
                <input type="text" name="quantity" size="3" id="frm-productWidget-widgetCarousel-14-buy-39687-quantityForm-quantity" data-nette-rules='[{"op":":integer","msg":"Množství musí být číslo."}]' value="1" aria-label="počet k přidání">
                <input type="submit" name="_submit" value="Přidat" class="product-quantity-control-submit plus" aria-label="přidat počet do košíku">
            <input type="hidden" name="do" value="productWidget-widgetCarousel-14-buy-39687-quantityForm-submit"><!--[if IE]><input type=IEbug disabled style="display:none"><![endif]-->
</form>

        </div>
</div>
                <p class="product-incart-info accessible">Produkt nemáte v košíku</p>


        </div>

        
    </div>
    <div id="product-append-46235" class="product-item">
        <div class="product-item-flags">
        </div>
        <div class="product-item-image">
                <a data-href="/delikatesy?productWidget-widgetCarousel-14-id=46235&amp;do=productWidget-widgetCarousel-14-modal"
                   data-target="productWidget-widgetCarousel-14-productModal"
                   data-product-id="46235"
                   data-product-price="55.9"
                   data-page-title="Indiana Jerky Hovězí Peppered 25g"
                   data-page-path="/produkt/46235-indiana-jerky-hovezi-peppered-25g"
                   data-user-id=""
                   aria-hidden="true"
                   data-kosikmodal-onclose="onProductModalDestroy"
                   onclick="kosikAjax.click(this, initModalCarousel(this))">
                    <img src="https://cdn.kosik.cz/content/product/jpg/list/placeholder.jpg" data-src="https://cdn.kosik.cz/content/product/jpg/list/63737.jpg" alt="Indiana Jerky Hovězí Peppered 25g" class="loading-images loading-image">
                </a>




        </div>
                <div class="product-item-info">
                <h5><a href="javascript:void(0)" aria-label="Indiana Jerky Hovězí Peppered 25g" data-href="/delikatesy?productWidget-widgetCarousel-14-id=46235&amp;do=productWidget-widgetCarousel-14-modal" class="product-name modal-link"
                   data-target="productWidget-widgetCarousel-14-productModal" onclick="kosikAjax.click(this, initModalCarousel(this))">
                    Indiana Jerky Hovězí Peppered 25g
                    <br><span class="new-product">Novinka</span>
                </a></h5>
            <p class="product-item-price ">
                <span class="price-before-discount">
				</span>
                <strong class="price">55,90 Kč</strong>

            </p>
            <p class="product-item-unit">
                    (<strong class="price">2 236,00 Kč</strong> / kg)
            </p>
                        <div class="product-list-rating">
            </div>
<div id="snippet-productWidget-widgetCarousel-14-buy-46235-quantity">        <div class="product-quantity-control">
            <form action="/delikatesy" method="post" class="ajax" id="frm-productWidget-widgetCarousel-14-buy-46235-quantityForm">
                <input type="text" name="quantity" size="3" id="frm-productWidget-widgetCarousel-14-buy-46235-quantityForm-quantity" data-nette-rules='[{"op":":integer","msg":"Množství musí být číslo."}]' value="1" aria-label="počet k přidání">
                <input type="submit" name="_submit" value="Přidat" class="product-quantity-control-submit plus" aria-label="přidat počet do košíku">
            <input type="hidden" name="do" value="productWidget-widgetCarousel-14-buy-46235-quantityForm-submit"><!--[if IE]><input type=IEbug disabled style="display:none"><![endif]-->
</form>

        </div>
</div>
                <p class="product-incart-info accessible">Produkt nemáte v košíku</p>


        </div>

        
    </div>
    <div id="product-append-52500" class="product-item">
        <div class="product-item-flags">
        </div>
        <div class="product-item-image">
                <a data-href="/delikatesy?productWidget-widgetCarousel-14-id=52500&amp;do=productWidget-widgetCarousel-14-modal"
                   data-target="productWidget-widgetCarousel-14-productModal"
                   data-product-id="52500"
                   data-product-price="55.9"
                   data-page-title="Indiana Jerky Hovězí Natural 25g"
                   data-page-path="/produkt/52500-indiana-jerky-hovezi-natural-25g"
                   data-user-id=""
                   aria-hidden="true"
                   data-kosikmodal-onclose="onProductModalDestroy"
                   onclick="kosikAjax.click(this, initModalCarousel(this))">
                    <img src="https://cdn.kosik.cz/content/product/jpg/list/placeholder.jpg" data-src="https://cdn.kosik.cz/content/product/jpg/list/70102.jpg" alt="Indiana Jerky Hovězí Natural 25g" class="loading-images loading-image">
                </a>




        </div>
                <div class="product-item-info">
                <h5><a href="javascript:void(0)" aria-label="Indiana Jerky Hovězí Natural 25g" data-href="/delikatesy?productWidget-widgetCarousel-14-id=52500&amp;do=productWidget-widgetCarousel-14-modal" class="product-name modal-link"
                   data-target="productWidget-widgetCarousel-14-productModal" onclick="kosikAjax.click(this, initModalCarousel(this))">
                    Indiana Jerky Hovězí Natural 25g
                    <br><span class="new-product">Novinka</span>
                </a></h5>
            <p class="product-item-price ">
                <span class="price-before-discount">
				</span>
                <strong class="price">55,90 Kč</strong>

            </p>
            <p class="product-item-unit">
                    (<strong class="price">2 236,00 Kč</strong> / kg)
            </p>
                        <div class="product-list-rating">
            </div>
<div id="snippet-productWidget-widgetCarousel-14-buy-52500-quantity">        <div class="product-quantity-control">
            <form action="/delikatesy" method="post" class="ajax" id="frm-productWidget-widgetCarousel-14-buy-52500-quantityForm">
                <input type="text" name="quantity" size="3" id="frm-productWidget-widgetCarousel-14-buy-52500-quantityForm-quantity" data-nette-rules='[{"op":":integer","msg":"Množství musí být číslo."}]' value="1" aria-label="počet k přidání">
                <input type="submit" name="_submit" value="Přidat" class="product-quantity-control-submit plus" aria-label="přidat počet do košíku">
            <input type="hidden" name="do" value="productWidget-widgetCarousel-14-buy-52500-quantityForm-submit"><!--[if IE]><input type=IEbug disabled style="display:none"><![endif]-->
</form>

        </div>
</div>
                <p class="product-incart-info accessible">Produkt nemáte v košíku</p>


        </div>

        
    </div>
    <div id="product-append-39686" class="product-item">
        <div class="product-item-flags">
        </div>
        <div class="product-item-image">
                <a data-href="/delikatesy?productWidget-widgetCarousel-14-id=39686&amp;do=productWidget-widgetCarousel-14-modal"
                   data-target="productWidget-widgetCarousel-14-productModal"
                   data-product-id="39686"
                   data-product-price="55.9"
                   data-page-title="Indiana Jerky Krůtí Original 25g"
                   data-page-path="/produkt/39686-indiana-jerky-kruti-original-25g"
                   data-user-id=""
                   aria-hidden="true"
                   data-kosikmodal-onclose="onProductModalDestroy"
                   onclick="kosikAjax.click(this, initModalCarousel(this))">
                    <img src="https://cdn.kosik.cz/content/product/jpg/list/placeholder.jpg" data-src="https://cdn.kosik.cz/content/product/jpg/list/57403.jpg" alt="Indiana Jerky Krůtí Original 25g" class="loading-images loading-image">
                </a>




        </div>
                <div class="product-item-info">
                <h5><a href="javascript:void(0)" aria-label="Indiana Jerky Krůtí Original 25g" data-href="/delikatesy?productWidget-widgetCarousel-14-id=39686&amp;do=productWidget-widgetCarousel-14-modal" class="product-name modal-link"
                   data-target="productWidget-widgetCarousel-14-productModal" onclick="kosikAjax.click(this, initModalCarousel(this))">
                    Indiana Jerky Krůtí Original 25g
                    <br><span class="new-product">Novinka</span>
                </a></h5>
            <p class="product-item-price ">
                <span class="price-before-discount">
				</span>
                <strong class="price">55,90 Kč</strong>

            </p>
            <p class="product-item-unit">
                    (<strong class="price">2 236,00 Kč</strong> / kg)
            </p>
                        <div class="product-list-rating">
            </div>
<div id="snippet-productWidget-widgetCarousel-14-buy-39686-quantity">        <div class="product-quantity-control">
            <form action="/delikatesy" method="post" class="ajax" id="frm-productWidget-widgetCarousel-14-buy-39686-quantityForm">
                <input type="text" name="quantity" size="3" id="frm-productWidget-widgetCarousel-14-buy-39686-quantityForm-quantity" data-nette-rules='[{"op":":integer","msg":"Množství musí být číslo."}]' value="1" aria-label="počet k přidání">
                <input type="submit" name="_submit" value="Přidat" class="product-quantity-control-submit plus" aria-label="přidat počet do košíku">
            <input type="hidden" name="do" value="productWidget-widgetCarousel-14-buy-39686-quantityForm-submit"><!--[if IE]><input type=IEbug disabled style="display:none"><![endif]-->
</form>

        </div>
</div>
                <p class="product-incart-info accessible">Produkt nemáte v košíku</p>


        </div>

        
    </div>
    <div id="product-append-46336" class="product-item">
        <div class="product-item-flags">
        </div>
        <div class="product-item-image">
                <a data-href="/delikatesy?productWidget-widgetCarousel-14-id=46336&amp;do=productWidget-widgetCarousel-14-modal"
                   data-target="productWidget-widgetCarousel-14-productModal"
                   data-product-id="46336"
                   data-product-price="55.9"
                   data-page-title="Indiana Jerky Sušené maso kuřecí 25g"
                   data-page-path="/produkt/46336-indiana-jerky-susene-maso-kureci-25g"
                   data-user-id=""
                   aria-hidden="true"
                   data-kosikmodal-onclose="onProductModalDestroy"
                   onclick="kosikAjax.click(this, initModalCarousel(this))">
                    <img src="https://cdn.kosik.cz/content/product/jpg/list/placeholder.jpg" data-src="https://cdn.kosik.cz/content/product/jpg/list/63845.jpg" alt="Indiana Jerky Sušené maso kuřecí 25g" class="loading-images loading-image">
                </a>




        </div>
                <div class="product-item-info">
                <h5><a href="javascript:void(0)" aria-label="Indiana Jerky Sušené maso kuřecí 25g" data-href="/delikatesy?productWidget-widgetCarousel-14-id=46336&amp;do=productWidget-widgetCarousel-14-modal" class="product-name modal-link"
                   data-target="productWidget-widgetCarousel-14-productModal" onclick="kosikAjax.click(this, initModalCarousel(this))">
                    Indiana Jerky Sušené maso kuřecí 25g
                    <br><span class="new-product">Novinka</span>
                </a></h5>
            <p class="product-item-price ">
                <span class="price-before-discount">
				</span>
                <strong class="price">55,90 Kč</strong>

            </p>
            <p class="product-item-unit">
                    (<strong class="price">2 236,00 Kč</strong> / kg)
            </p>
                        <div class="product-list-rating">
            </div>
<div id="snippet-productWidget-widgetCarousel-14-buy-46336-quantity">        <div class="product-quantity-control">
            <form action="/delikatesy" method="post" class="ajax" id="frm-productWidget-widgetCarousel-14-buy-46336-quantityForm">
                <input type="text" name="quantity" size="3" id="frm-productWidget-widgetCarousel-14-buy-46336-quantityForm-quantity" data-nette-rules='[{"op":":integer","msg":"Množství musí být číslo."}]' value="1" aria-label="počet k přidání">
                <input type="submit" name="_submit" value="Přidat" class="product-quantity-control-submit plus" aria-label="přidat počet do košíku">
            <input type="hidden" name="do" value="productWidget-widgetCarousel-14-buy-46336-quantityForm-submit"><!--[if IE]><input type=IEbug disabled style="display:none"><![endif]-->
</form>

        </div>
</div>
                <p class="product-incart-info accessible">Produkt nemáte v košíku</p>


        </div>

        
    </div>
    <div id="product-append-39685" class="product-item">
        <div class="product-item-flags">
        </div>
        <div class="product-item-image">
                <a data-href="/delikatesy?productWidget-widgetCarousel-14-id=39685&amp;do=productWidget-widgetCarousel-14-modal"
                   data-target="productWidget-widgetCarousel-14-productModal"
                   data-product-id="39685"
                   data-product-price="55.9"
                   data-page-title="Indiana Jerky Vepřové Original 25g"
                   data-page-path="/produkt/39685-indiana-jerky-veprove-original-25g"
                   data-user-id=""
                   aria-hidden="true"
                   data-kosikmodal-onclose="onProductModalDestroy"
                   onclick="kosikAjax.click(this, initModalCarousel(this))">
                    <img src="https://cdn.kosik.cz/content/product/jpg/list/placeholder.jpg" data-src="https://cdn.kosik.cz/content/product/jpg/list/57402.jpg" alt="Indiana Jerky Vepřové Original 25g" class="loading-images loading-image">
                </a>




        </div>
                <div class="product-item-info">
                <h5><a href="javascript:void(0)" aria-label="Indiana Jerky Vepřové Original 25g" data-href="/delikatesy?productWidget-widgetCarousel-14-id=39685&amp;do=productWidget-widgetCarousel-14-modal" class="product-name modal-link"
                   data-target="productWidget-widgetCarousel-14-productModal" onclick="kosikAjax.click(this, initModalCarousel(this))">
                    Indiana Jerky Vepřové Original 25g
                    <br><span class="new-product">Novinka</span>
                </a></h5>
            <p class="product-item-price ">
                <span class="price-before-discount">
				</span>
                <strong class="price">55,90 Kč</strong>

            </p>
            <p class="product-item-unit">
                    (<strong class="price">2 236,00 Kč</strong> / kg)
            </p>
                        <div class="product-list-rating">
            </div>
<div id="snippet-productWidget-widgetCarousel-14-buy-39685-quantity">        <div class="product-quantity-control">
            <form action="/delikatesy" method="post" class="ajax" id="frm-productWidget-widgetCarousel-14-buy-39685-quantityForm">
                <input type="text" name="quantity" size="3" id="frm-productWidget-widgetCarousel-14-buy-39685-quantityForm-quantity" data-nette-rules='[{"op":":integer","msg":"Množství musí být číslo."}]' value="1" aria-label="počet k přidání">
                <input type="submit" name="_submit" value="Přidat" class="product-quantity-control-submit plus" aria-label="přidat počet do košíku">
            <input type="hidden" name="do" value="productWidget-widgetCarousel-14-buy-39685-quantityForm-submit"><!--[if IE]><input type=IEbug disabled style="display:none"><![endif]-->
</form>

        </div>
</div>
                <p class="product-incart-info accessible">Produkt nemáte v košíku</p>


        </div>

        
    </div>
    <div id="product-append-52512" class="product-item">
        <div class="product-item-flags">
        </div>
        <div class="product-item-image">
                <a data-href="/delikatesy?productWidget-widgetCarousel-14-id=52512&amp;do=productWidget-widgetCarousel-14-modal"
                   data-target="productWidget-widgetCarousel-14-productModal"
                   data-product-id="52512"
                   data-product-price="55.9"
                   data-page-title="Indiana Jerky Tuňákové Original 15g"
                   data-page-path="/produkt/52512-indiana-jerky-tunakove-original-15g"
                   data-user-id=""
                   aria-hidden="true"
                   data-kosikmodal-onclose="onProductModalDestroy"
                   onclick="kosikAjax.click(this, initModalCarousel(this))">
                    <img src="https://cdn.kosik.cz/content/product/jpg/list/placeholder.jpg" data-src="https://cdn.kosik.cz/content/product/jpg/list/70114.jpg" alt="Indiana Jerky Tuňákové Original 15g" class="loading-images loading-image">
                </a>




        </div>
                <div class="product-item-info">
                <h5><a href="javascript:void(0)" aria-label="Indiana Jerky Tuňákové Original 15g" data-href="/delikatesy?productWidget-widgetCarousel-14-id=52512&amp;do=productWidget-widgetCarousel-14-modal" class="product-name modal-link"
                   data-target="productWidget-widgetCarousel-14-productModal" onclick="kosikAjax.click(this, initModalCarousel(this))">
                    Indiana Jerky Tuňákové Original 15g
                    <br><span class="new-product">Novinka</span>
                </a></h5>
            <p class="product-item-price ">
                <span class="price-before-discount">
				</span>
                <strong class="price">55,90 Kč</strong>

            </p>
            <p class="product-item-unit">
                    (<strong class="price">3 726,70 Kč</strong> / kg)
            </p>
                        <div class="product-list-rating">
            </div>
<div id="snippet-productWidget-widgetCarousel-14-buy-52512-quantity">        <div class="product-quantity-control">
            <form action="/delikatesy" method="post" class="ajax" id="frm-productWidget-widgetCarousel-14-buy-52512-quantityForm">
                <input type="text" name="quantity" size="3" id="frm-productWidget-widgetCarousel-14-buy-52512-quantityForm-quantity" data-nette-rules='[{"op":":integer","msg":"Množství musí být číslo."}]' value="1" aria-label="počet k přidání">
                <input type="submit" name="_submit" value="Přidat" class="product-quantity-control-submit plus" aria-label="přidat počet do košíku">
            <input type="hidden" name="do" value="productWidget-widgetCarousel-14-buy-52512-quantityForm-submit"><!--[if IE]><input type=IEbug disabled style="display:none"><![endif]-->
</form>

        </div>
</div>
                <p class="product-incart-info accessible">Produkt nemáte v košíku</p>


        </div>

        
    </div>
    <div id="product-append-52514" class="product-item">
        <div class="product-item-flags">
        </div>
        <div class="product-item-image">
                <a data-href="/delikatesy?productWidget-widgetCarousel-14-id=52514&amp;do=productWidget-widgetCarousel-14-modal"
                   data-target="productWidget-widgetCarousel-14-productModal"
                   data-product-id="52514"
                   data-product-price="134"
                   data-page-title="Indiana Jerky Hovězí Hot&amp;Sweet 100g"
                   data-page-path="/produkt/52514-indiana-jerky-hovezi-hot-sweet-100g"
                   data-user-id=""
                   aria-hidden="true"
                   data-kosikmodal-onclose="onProductModalDestroy"
                   onclick="kosikAjax.click(this, initModalCarousel(this))">
                    <img src="https://cdn.kosik.cz/content/product/jpg/list/placeholder.jpg" data-src="https://cdn.kosik.cz/content/product/jpg/list/70116.jpg" alt="Indiana Jerky Hovězí Hot&amp;Sweet 100g" class="loading-images loading-image">
                </a>




        </div>
                <div class="product-item-info">
                <h5><a href="javascript:void(0)" aria-label="Indiana Jerky Hovězí Hot&amp;Sweet 100g" data-href="/delikatesy?productWidget-widgetCarousel-14-id=52514&amp;do=productWidget-widgetCarousel-14-modal" class="product-name modal-link"
                   data-target="productWidget-widgetCarousel-14-productModal" onclick="kosikAjax.click(this, initModalCarousel(this))">
                    Indiana Jerky Hovězí Hot&amp;Sweet 100g
                    <br><span class="new-product">Novinka</span>
                </a></h5>
            <p class="product-item-price ">
                <span class="price-before-discount">
				</span>
                <strong class="price">134,00 Kč</strong>

            </p>
            <p class="product-item-unit">
                    (<strong class="price">1 340,00 Kč</strong> / kg)
            </p>
                        <div class="product-list-rating">
            </div>
<div id="snippet-productWidget-widgetCarousel-14-buy-52514-quantity">        <div class="product-quantity-control">
            <form action="/delikatesy" method="post" class="ajax" id="frm-productWidget-widgetCarousel-14-buy-52514-quantityForm">
                <input type="text" name="quantity" size="3" id="frm-productWidget-widgetCarousel-14-buy-52514-quantityForm-quantity" data-nette-rules='[{"op":":integer","msg":"Množství musí být číslo."}]' value="1" aria-label="počet k přidání">
                <input type="submit" name="_submit" value="Přidat" class="product-quantity-control-submit plus" aria-label="přidat počet do košíku">
            <input type="hidden" name="do" value="productWidget-widgetCarousel-14-buy-52514-quantityForm-submit"><!--[if IE]><input type=IEbug disabled style="display:none"><![endif]-->
</form>

        </div>
</div>
                <p class="product-incart-info accessible">Produkt nemáte v košíku</p>


        </div>

        
    </div>
    <div id="product-append-52515" class="product-item">
        <div class="product-item-flags">
        </div>
        <div class="product-item-image">
                <a data-href="/delikatesy?productWidget-widgetCarousel-14-id=52515&amp;do=productWidget-widgetCarousel-14-modal"
                   data-target="productWidget-widgetCarousel-14-productModal"
                   data-product-id="52515"
                   data-product-price="134"
                   data-page-title="Indiana Jerky Hovězí Peppered 100g"
                   data-page-path="/produkt/52515-indiana-jerky-hovezi-peppered-100g"
                   data-user-id=""
                   aria-hidden="true"
                   data-kosikmodal-onclose="onProductModalDestroy"
                   onclick="kosikAjax.click(this, initModalCarousel(this))">
                    <img src="https://cdn.kosik.cz/content/product/jpg/list/placeholder.jpg" data-src="https://cdn.kosik.cz/content/product/jpg/list/70117.jpg" alt="Indiana Jerky Hovězí Peppered 100g" class="loading-images loading-image">
                </a>




        </div>
                <div class="product-item-info">
                <h5><a href="javascript:void(0)" aria-label="Indiana Jerky Hovězí Peppered 100g" data-href="/delikatesy?productWidget-widgetCarousel-14-id=52515&amp;do=productWidget-widgetCarousel-14-modal" class="product-name modal-link"
                   data-target="productWidget-widgetCarousel-14-productModal" onclick="kosikAjax.click(this, initModalCarousel(this))">
                    Indiana Jerky Hovězí Peppered 100g
                    <br><span class="new-product">Novinka</span>
                </a></h5>
            <p class="product-item-price ">
                <span class="price-before-discount">
				</span>
                <strong class="price">134,00 Kč</strong>

            </p>
            <p class="product-item-unit">
                    (<strong class="price">1 340,00 Kč</strong> / kg)
            </p>
                        <div class="product-list-rating">
            </div>
<div id="snippet-productWidget-widgetCarousel-14-buy-52515-quantity">        <div class="product-quantity-control">
            <form action="/delikatesy" method="post" class="ajax" id="frm-productWidget-widgetCarousel-14-buy-52515-quantityForm">
                <input type="text" name="quantity" size="3" id="frm-productWidget-widgetCarousel-14-buy-52515-quantityForm-quantity" data-nette-rules='[{"op":":integer","msg":"Množství musí být číslo."}]' value="1" aria-label="počet k přidání">
                <input type="submit" name="_submit" value="Přidat" class="product-quantity-control-submit plus" aria-label="přidat počet do košíku">
            <input type="hidden" name="do" value="productWidget-widgetCarousel-14-buy-52515-quantityForm-submit"><!--[if IE]><input type=IEbug disabled style="display:none"><![endif]-->
</form>

        </div>
</div>
                <p class="product-incart-info accessible">Produkt nemáte v košíku</p>


        </div>

        
    </div>
    <div id="product-append-52516" class="product-item">
        <div class="product-item-flags">
        </div>
        <div class="product-item-image">
                <a data-href="/delikatesy?productWidget-widgetCarousel-14-id=52516&amp;do=productWidget-widgetCarousel-14-modal"
                   data-target="productWidget-widgetCarousel-14-productModal"
                   data-product-id="52516"
                   data-product-price="134"
                   data-page-title="Indiana Jerky Krůtí Original 100g"
                   data-page-path="/produkt/52516-indiana-jerky-kruti-original-100g"
                   data-user-id=""
                   aria-hidden="true"
                   data-kosikmodal-onclose="onProductModalDestroy"
                   onclick="kosikAjax.click(this, initModalCarousel(this))">
                    <img src="https://cdn.kosik.cz/content/product/jpg/list/placeholder.jpg" data-src="https://cdn.kosik.cz/content/product/jpg/list/70118.jpg" alt="Indiana Jerky Krůtí Original 100g" class="loading-images loading-image">
                </a>




        </div>
                <div class="product-item-info">
                <h5><a href="javascript:void(0)" aria-label="Indiana Jerky Krůtí Original 100g" data-href="/delikatesy?productWidget-widgetCarousel-14-id=52516&amp;do=productWidget-widgetCarousel-14-modal" class="product-name modal-link"
                   data-target="productWidget-widgetCarousel-14-productModal" onclick="kosikAjax.click(this, initModalCarousel(this))">
                    Indiana Jerky Krůtí Original 100g
                    <br><span class="new-product">Novinka</span>
                </a></h5>
            <p class="product-item-price ">
                <span class="price-before-discount">
				</span>
                <strong class="price">134,00 Kč</strong>

            </p>
            <p class="product-item-unit">
                    (<strong class="price">1 340,00 Kč</strong> / kg)
            </p>
                        <div class="product-list-rating">
            </div>
<div id="snippet-productWidget-widgetCarousel-14-buy-52516-quantity">        <div class="product-quantity-control">
            <form action="/delikatesy" method="post" class="ajax" id="frm-productWidget-widgetCarousel-14-buy-52516-quantityForm">
                <input type="text" name="quantity" size="3" id="frm-productWidget-widgetCarousel-14-buy-52516-quantityForm-quantity" data-nette-rules='[{"op":":integer","msg":"Množství musí být číslo."}]' value="1" aria-label="počet k přidání">
                <input type="submit" name="_submit" value="Přidat" class="product-quantity-control-submit plus" aria-label="přidat počet do košíku">
            <input type="hidden" name="do" value="productWidget-widgetCarousel-14-buy-52516-quantityForm-submit"><!--[if IE]><input type=IEbug disabled style="display:none"><![endif]-->
</form>

        </div>
</div>
                <p class="product-incart-info accessible">Produkt nemáte v košíku</p>


        </div>

        
    </div>
    <div id="product-append-52517" class="product-item">
        <div class="product-item-flags">
        </div>
        <div class="product-item-image">
                <a data-href="/delikatesy?productWidget-widgetCarousel-14-id=52517&amp;do=productWidget-widgetCarousel-14-modal"
                   data-target="productWidget-widgetCarousel-14-productModal"
                   data-product-id="52517"
                   data-product-price="134"
                   data-page-title="Indiana Jerky Kuřecí Original 100g"
                   data-page-path="/produkt/52517-indiana-jerky-kureci-original-100g"
                   data-user-id=""
                   aria-hidden="true"
                   data-kosikmodal-onclose="onProductModalDestroy"
                   onclick="kosikAjax.click(this, initModalCarousel(this))">
                    <img src="https://cdn.kosik.cz/content/product/jpg/list/placeholder.jpg" data-src="https://cdn.kosik.cz/content/product/jpg/list/70119.jpg" alt="Indiana Jerky Kuřecí Original 100g" class="loading-images loading-image">
                </a>




        </div>
                <div class="product-item-info">
                <h5><a href="javascript:void(0)" aria-label="Indiana Jerky Kuřecí Original 100g" data-href="/delikatesy?productWidget-widgetCarousel-14-id=52517&amp;do=productWidget-widgetCarousel-14-modal" class="product-name modal-link"
                   data-target="productWidget-widgetCarousel-14-productModal" onclick="kosikAjax.click(this, initModalCarousel(this))">
                    Indiana Jerky Kuřecí Original 100g
                    <br><span class="new-product">Novinka</span>
                </a></h5>
            <p class="product-item-price ">
                <span class="price-before-discount">
				</span>
                <strong class="price">134,00 Kč</strong>

            </p>
            <p class="product-item-unit">
                    (<strong class="price">1 340,00 Kč</strong> / kg)
            </p>
                        <div class="product-list-rating">
            </div>
<div id="snippet-productWidget-widgetCarousel-14-buy-52517-quantity">        <div class="product-quantity-control">
            <form action="/delikatesy" method="post" class="ajax" id="frm-productWidget-widgetCarousel-14-buy-52517-quantityForm">
                <input type="text" name="quantity" size="3" id="frm-productWidget-widgetCarousel-14-buy-52517-quantityForm-quantity" data-nette-rules='[{"op":":integer","msg":"Množství musí být číslo."}]' value="1" aria-label="počet k přidání">
                <input type="submit" name="_submit" value="Přidat" class="product-quantity-control-submit plus" aria-label="přidat počet do košíku">
            <input type="hidden" name="do" value="productWidget-widgetCarousel-14-buy-52517-quantityForm-submit"><!--[if IE]><input type=IEbug disabled style="display:none"><![endif]-->
</form>

        </div>
</div>
                <p class="product-incart-info accessible">Produkt nemáte v košíku</p>


        </div>

        
    </div>
    <div id="product-append-52519" class="product-item">
        <div class="product-item-flags">
        </div>
        <div class="product-item-image">
                <a data-href="/delikatesy?productWidget-widgetCarousel-14-id=52519&amp;do=productWidget-widgetCarousel-14-modal"
                   data-target="productWidget-widgetCarousel-14-productModal"
                   data-product-id="52519"
                   data-product-price="134"
                   data-page-title="Indiana Jerky Vepřové Original 100g"
                   data-page-path="/produkt/52519-indiana-jerky-veprove-original-100g"
                   data-user-id=""
                   aria-hidden="true"
                   data-kosikmodal-onclose="onProductModalDestroy"
                   onclick="kosikAjax.click(this, initModalCarousel(this))">
                    <img src="https://cdn.kosik.cz/content/product/jpg/list/placeholder.jpg" data-src="https://cdn.kosik.cz/content/product/jpg/list/70121.jpg" alt="Indiana Jerky Vepřové Original 100g" class="loading-images loading-image">
                </a>




        </div>
                <div class="product-item-info">
                <h5><a href="javascript:void(0)" aria-label="Indiana Jerky Vepřové Original 100g" data-href="/delikatesy?productWidget-widgetCarousel-14-id=52519&amp;do=productWidget-widgetCarousel-14-modal" class="product-name modal-link"
                   data-target="productWidget-widgetCarousel-14-productModal" onclick="kosikAjax.click(this, initModalCarousel(this))">
                    Indiana Jerky Vepřové Original 100g
                    <br><span class="new-product">Novinka</span>
                </a></h5>
            <p class="product-item-price ">
                <span class="price-before-discount">
				</span>
                <strong class="price">134,00 Kč</strong>

            </p>
            <p class="product-item-unit">
                    (<strong class="price">1 340,00 Kč</strong> / kg)
            </p>
                        <div class="product-list-rating">
            </div>
<div id="snippet-productWidget-widgetCarousel-14-buy-52519-quantity">        <div class="product-quantity-control">
            <form action="/delikatesy" method="post" class="ajax" id="frm-productWidget-widgetCarousel-14-buy-52519-quantityForm">
                <input type="text" name="quantity" size="3" id="frm-productWidget-widgetCarousel-14-buy-52519-quantityForm-quantity" data-nette-rules='[{"op":":integer","msg":"Množství musí být číslo."}]' value="1" aria-label="počet k přidání">
                <input type="submit" name="_submit" value="Přidat" class="product-quantity-control-submit plus" aria-label="přidat počet do košíku">
            <input type="hidden" name="do" value="productWidget-widgetCarousel-14-buy-52519-quantityForm-submit"><!--[if IE]><input type=IEbug disabled style="display:none"><![endif]-->
</form>

        </div>
</div>
                <p class="product-incart-info accessible">Produkt nemáte v košíku</p>


        </div>

        
    </div>
</div>

<div class="kosik-modal-overlay product-modal" id="productWidget-widgetCarousel-14-productModal" role="dialog">
    <div class="kosik-modal-inner large super-scaled" id="snippet-productWidget-widgetCarousel-14-productModalArea">
    </div>
</div>


<div class="kosik-modal-overlay" id="productWidget-widgetCarousel-14-productSetModal" role="dialog">
    <div class="kosik-modal-inner large super-scaled" id="snippet-productWidget-widgetCarousel-14-productSetModalArea">
    </div>
</div>
			</div>
		</div>

			<div class="region region-title-afinity-select no-aside clearfix" role="main">
				<div class="region-inner region-title-afinity-select-inner">
																					<div class="block block-title">
						<h1>Delikatesy</h1>
					</div>
					<div id="snippet--primaryFilterArea">
<form action="/delikatesy" method="post" class="ajax" id="frm-productPrimaryFilter-constraintForm">
<div class="block block-afinity-groups">
	<div class="afinity-group" tabindex="0">
		<label for="bio">
			<input type="checkbox" id="bio" value="bio" name="bio" onchange='$(this).closest("form").submit();'>
			<div class="group-icon"><span class="icon-afinity-Bio"></span></div>
			<span class="group-name">Bio</span>
		</label>
	</div>
	<div class="afinity-group" tabindex="0">
		<label for="noAleurone">
			<input type="checkbox" id="noAleurone" value="noAleurone" name="noAleurone" onchange='$(this).closest("form").submit();'>
			<div class="group-icon strike-through"><span class="icon-afinity-Wheat"></span></div>
			<span class="group-name">Bez lepku</span>
		</label>
	</div>
	<div class="afinity-group" tabindex="0">
		<label for="noLactose">
			<input type="checkbox" id="noLactose" value="noLactose" name="noLactose" onchange='$(this).closest("form").submit();'>
			<div class="group-icon strike-through"><span class="icon-afinity-Milk"></span></div>
			<span class="group-name">Bez laktózy</span>
		</label>
	</div>
	<div class="afinity-group" tabindex="0">
		<label for="farm">
			<input type="checkbox" id="farm" value="farm" name="farm" onchange='$(this).closest("form").submit();'>
			<div class="group-icon"><span class="icon-afinity-Farm"></span></div>
			<span class="group-name">Farmářské</span>
		</label>
	</div>
	<div class="afinity-group" tabindex="0">
		<label for="noPalmOil">
			<input type="checkbox" id="noPalmOil" value="noPalmOil" name="noPalmOil" onchange='$(this).closest("form").submit();'>
			<div class="group-icon strike-through"><span class="icon-afinity-Palm-oil"></span></div>
			<span class="group-name">Bez palmového tuku</span>
		</label>
	</div>
	<div class="afinity-group" tabindex="0">
		<label for="vegan">
			<input type="checkbox" id="vegan" value="vegan" name="vegan" onchange='$(this).closest("form").submit();'>
			<div class="group-icon strike-through"><span class="icon-afinity-Egg"></span></div>
			<span class="group-name">Vhodné pro vegany</span>
		</label>
	</div>
	<div class="afinity-group" tabindex="0">
		<label for="vegetarian">
			<input type="checkbox" id="vegetarian" value="vegetarian" name="vegetarian" onchange='$(this).closest("form").submit();'>
			<div class="group-icon strike-through"><span class="icon-afinity-Steak"></span></div>
			<span class="group-name">Vegetariánské</span>
		</label>
	</div>
</div>
<input type="hidden" name="do" value="productPrimaryFilter-constraintForm-submit"><!--[if IE]><input type=IEbug disabled style="display:none"><![endif]-->
</form>

					</div>
					<div class="block block-product-list-option">
<ul class="product-list-option element-bordered-select-box">
    <li tabindex="0">
        <span>Oblíbené<span class="accessible"> - vybráno</span></span>
        <div class="positioner">
            <ul>
                <li>
                    <a title="Akční" href="/delikatesy?productListOptions-preset=orderDiscount">
                        Akční
                    </a>
                </li>
                <li>
                    <a title="Nejlevnější" href="/delikatesy?productListOptions-preset=orderPriceAscending">
                        Nejlevnější
                    </a>
                </li>
                <li>
                    <a title="Nejdražší" href="/delikatesy?productListOptions-preset=orderPriceDescending">
                        Nejdražší
                    </a>
                </li>
            </ul>
        </div>
    </li>
</ul>
					</div>
				</div>
			</div>

			<div class="region region-products" data-ajax-append="product-item" id="snippet--productListArea">
				<div class="region-inner region-products-inner">
<script async>
    basic.documentReady(function () {
        $.get("\/delikatesy?do=productList-ajaxLoaderSetting").done(function (setting) {
            setting.ShowButton = false;
            ajaxLoader.init(setting);
        });
    });

    var onProductModalDestroy = function() {

    	var pageData = window.dataLayer[0];

        pageData["event"] = "ga.pageview";
        pageData["pagePath"] = window.location.pathname;
        pageData["pageTitle"] = window.document.title;

	    dataLayer.push(pageData);
    };
</script>
<div class="block block-product-items product-items" data-ajax-append="product-item" id="snippet-productList-productListArea">
    <div id="product-append-43199" class="product-item">
        <div class="product-item-flags">
            <div class="flag-sale ">
                <span class="percents">10<small>&#37;</small></span>
            </div>
        </div>
        <div class="product-item-image">
                <a data-href="/delikatesy?productList-id=43199&amp;do=productList-modal"
                   data-target="productList-productModal"
                   data-product-id="43199"
                   data-product-price="999"
                   data-page-title="Tello Paleta Serrano - dárkové balení 4,2kg"
                   data-page-path="/produkt/43199-tello-paleta-serrano-darkove-baleni-4-2kg"
                   data-user-id=""
                   aria-hidden="true"
                   data-kosikmodal-onclose="onProductModalDestroy"
                   onclick="kosikAjax.click(this, initModalCarousel(this))">
                    <img src="https://cdn.kosik.cz/content/product/jpg/list/placeholder.jpg" data-src="https://cdn.kosik.cz/content/product/jpg/list/60916.jpg" alt="Tello Paleta Serrano - dárkové balení 4,2kg" class="loading-images loading-image">
                </a>




        </div>
                <div class="product-item-info">
                <h5><a href="javascript:void(0)" aria-label="Tello Paleta Serrano - dárkové balení 4,2kg" data-href="/delikatesy?productList-id=43199&amp;do=productList-modal" class="product-name modal-link"
                   data-target="productList-productModal" onclick="kosikAjax.click(this, initModalCarousel(this))">
                    Tello Paleta Serrano - dárkové balení 4,2kg
                    
                </a></h5>
            <p class="product-item-price product-in-discount">
                <span class="price-before-discount">
					<span><strong class="price">999,00 Kč</strong></span>
				</span>
                <strong class="price">899,00 Kč</strong>

            </p>
            <p class="product-item-unit">
                    (<strong class="price">214,00 Kč</strong> / Kg)
            </p>
                        <div class="product-list-rating">
            </div>
<div id="snippet-productList-buy-43199-quantity">        <div class="product-quantity-control">
            <form action="/delikatesy" method="post" class="ajax" id="frm-productList-buy-43199-quantityForm">
                <input type="text" name="quantity" size="3" id="frm-productList-buy-43199-quantityForm-quantity" data-nette-rules='[{"op":":integer","msg":"Množství musí být číslo."}]' value="1" aria-label="počet k přidání">
                <input type="submit" name="_submit" value="Přidat" class="product-quantity-control-submit plus" aria-label="přidat počet do košíku">
            <input type="hidden" name="do" value="productList-buy-43199-quantityForm-submit"><!--[if IE]><input type=IEbug disabled style="display:none"><![endif]-->
</form>

        </div>
</div>
                <p class="product-incart-info accessible">Produkt nemáte v košíku</p>


        </div>

        
    </div>
    <div id="product-append-25357" class="product-item">
        <div class="product-item-flags">
        </div>
        <div class="product-item-image">
                <a data-href="/delikatesy?productList-id=25357&amp;do=productList-modal"
                   data-target="productList-productModal"
                   data-product-id="25357"
                   data-product-price="59.9"
                   data-page-title="Diana Kešu celé natural W320, 100 g"
                   data-page-path="/produkt/25357-diana-kesu-cele-natural-w320-100-g"
                   data-user-id=""
                   aria-hidden="true"
                   data-kosikmodal-onclose="onProductModalDestroy"
                   onclick="kosikAjax.click(this, initModalCarousel(this))">
                    <img src="https://cdn.kosik.cz/content/product/jpg/list/placeholder.jpg" data-src="https://cdn.kosik.cz/content/product/jpg/list/42636.jpg" alt="Diana Kešu celé natural W320, 100 g" class="loading-images loading-image">
                </a>




        </div>
                <div class="product-item-info">
                <h5><a href="javascript:void(0)" aria-label="Diana Kešu celé natural W320, 100 g" data-href="/delikatesy?productList-id=25357&amp;do=productList-modal" class="product-name modal-link"
                   data-target="productList-productModal" onclick="kosikAjax.click(this, initModalCarousel(this))">
                    Diana Kešu celé natural W320, 100 g
                    
                </a></h5>
            <p class="product-item-price ">
                <span class="price-before-discount">
				</span>
                <strong class="price">59,90 Kč</strong>

            </p>
            <p class="product-item-unit">
                    (<strong class="price">599,00 Kč</strong> / kg)
            </p>
                        <div class="product-list-rating">
            </div>
<div id="snippet-productList-buy-25357-quantity">        <div class="product-quantity-control">
            <form action="/delikatesy" method="post" class="ajax" id="frm-productList-buy-25357-quantityForm">
                <input type="text" name="quantity" size="3" id="frm-productList-buy-25357-quantityForm-quantity" data-nette-rules='[{"op":":integer","msg":"Množství musí být číslo."}]' value="1" aria-label="počet k přidání">
                <input type="submit" name="_submit" value="Přidat" class="product-quantity-control-submit plus" aria-label="přidat počet do košíku">
            <input type="hidden" name="do" value="productList-buy-25357-quantityForm-submit"><!--[if IE]><input type=IEbug disabled style="display:none"><![endif]-->
</form>

        </div>
</div>
                <p class="product-incart-info accessible">Produkt nemáte v košíku</p>


        </div>

        
    </div>
    <div id="product-append-50676" class="product-item">
        <div class="product-item-flags">
        </div>
        <div class="product-item-image">
                <a data-href="/delikatesy?productList-id=50676&amp;do=productList-modal"
                   data-target="productList-productModal"
                   data-product-id="50676"
                   data-product-price="29.9"
                   data-page-title="Nekton Sardelová očka s kapary 50g"
                   data-page-path="/produkt/50676-nekton-sardelova-ocka-s-kapary-50g"
                   data-user-id=""
                   aria-hidden="true"
                   data-kosikmodal-onclose="onProductModalDestroy"
                   onclick="kosikAjax.click(this, initModalCarousel(this))">
                    <img src="https://cdn.kosik.cz/content/product/jpg/list/placeholder.jpg" data-src="https://cdn.kosik.cz/content/product/jpg/list/68196.jpg" alt="Nekton Sardelová očka s kapary 50g" class="loading-images loading-image">
                </a>




        </div>
                <div class="product-item-info">
                <h5><a href="javascript:void(0)" aria-label="Nekton Sardelová očka s kapary 50g" data-href="/delikatesy?productList-id=50676&amp;do=productList-modal" class="product-name modal-link"
                   data-target="productList-productModal" onclick="kosikAjax.click(this, initModalCarousel(this))">
                    Nekton Sardelová očka s kapary 50g
                    <br><span class="new-product">Novinka</span>
                </a></h5>
            <p class="product-item-price ">
                <span class="price-before-discount">
				</span>
                <strong class="price">29,90 Kč</strong>

            </p>
            <p class="product-item-unit">
                    (<strong class="price">598,00 Kč</strong> / kg)
            </p>
                        <div class="product-list-rating">
            </div>
<div id="snippet-productList-buy-50676-quantity">        <div class="product-quantity-control">
            <form action="/delikatesy" method="post" class="ajax" id="frm-productList-buy-50676-quantityForm">
                <input type="text" name="quantity" size="3" id="frm-productList-buy-50676-quantityForm-quantity" data-nette-rules='[{"op":":integer","msg":"Množství musí být číslo."}]' value="1" aria-label="počet k přidání">
                <input type="submit" name="_submit" value="Přidat" class="product-quantity-control-submit plus" aria-label="přidat počet do košíku">
            <input type="hidden" name="do" value="productList-buy-50676-quantityForm-submit"><!--[if IE]><input type=IEbug disabled style="display:none"><![endif]-->
</form>

        </div>
</div>
                <p class="product-incart-info accessible">Produkt nemáte v košíku</p>


        </div>

        
    </div>
    <div id="product-append-792" class="product-item">
        <div class="product-item-flags">
        </div>
        <div class="product-item-image">
                <a data-href="/delikatesy?productList-id=792&amp;do=productList-modal"
                   data-target="productList-productModal"
                   data-product-id="792"
                   data-product-price="49.9"
                   data-page-title="Almar Losos norský uzený klasik plátky 50g"
                   data-page-path="/produkt/792-almar-losos-norsky-uzeny-klasik-platky-50g"
                   data-user-id=""
                   aria-hidden="true"
                   data-kosikmodal-onclose="onProductModalDestroy"
                   onclick="kosikAjax.click(this, initModalCarousel(this))">
                    <img src="https://cdn.kosik.cz/content/product/jpg/list/placeholder.jpg" data-src="https://cdn.kosik.cz/content/product/jpg/list/856.jpg" alt="Almar Losos norský uzený klasik plátky 50g" class="loading-images loading-image">
                </a>




        </div>
                <div class="product-item-info">
                <h5><a href="javascript:void(0)" aria-label="Almar Losos norský uzený klasik plátky 50g" data-href="/delikatesy?productList-id=792&amp;do=productList-modal" class="product-name modal-link"
                   data-target="productList-productModal" onclick="kosikAjax.click(this, initModalCarousel(this))">
                    Almar Losos norský uzený klasik plátky 50g
                    
                </a></h5>
            <p class="product-item-price ">
                <span class="price-before-discount">
				</span>
                <strong class="price">49,90 Kč</strong>

            </p>
            <p class="product-item-unit">
                    (<strong class="price">998,00 Kč</strong> / kg)
            </p>
                        <div class="product-list-rating">
            </div>
<div id="snippet-productList-buy-792-quantity">        <div class="product-quantity-control">
            <form action="/delikatesy" method="post" class="ajax" id="frm-productList-buy-792-quantityForm">
                <input type="text" name="quantity" size="3" id="frm-productList-buy-792-quantityForm-quantity" data-nette-rules='[{"op":":integer","msg":"Množství musí být číslo."}]' value="1" aria-label="počet k přidání">
                <input type="submit" name="_submit" value="Přidat" class="product-quantity-control-submit plus" aria-label="přidat počet do košíku">
            <input type="hidden" name="do" value="productList-buy-792-quantityForm-submit"><!--[if IE]><input type=IEbug disabled style="display:none"><![endif]-->
</form>

        </div>
</div>
                <p class="product-incart-info accessible">Produkt nemáte v košíku</p>


        </div>

        
    </div>
    <div id="product-append-24237" class="product-item">
        <div class="product-item-flags">
        </div>
        <div class="product-item-image">
                <a data-href="/delikatesy?productList-id=24237&amp;do=productList-modal"
                   data-target="productList-productModal"
                   data-product-id="24237"
                   data-product-price="79.9"
                   data-page-title="Dr. Oetker Vanilkový lusk „Bourbon” 1 ks"
                   data-page-path="/produkt/24237-dr-oetker-vanilkovy-lusk-bourbon-1-ks"
                   data-user-id=""
                   aria-hidden="true"
                   data-kosikmodal-onclose="onProductModalDestroy"
                   onclick="kosikAjax.click(this, initModalCarousel(this))">
                    <img src="https://cdn.kosik.cz/content/product/jpg/list/placeholder.jpg" data-src="https://cdn.kosik.cz/content/product/jpg/list/41481.jpg" alt="Dr. Oetker Vanilkový lusk „Bourbon” 1 ks" class="loading-images loading-image">
                </a>




        </div>
                <div class="product-item-info">
                <h5><a href="javascript:void(0)" aria-label="Dr. Oetker Vanilkový lusk „Bourbon” 1 ks" data-href="/delikatesy?productList-id=24237&amp;do=productList-modal" class="product-name modal-link"
                   data-target="productList-productModal" onclick="kosikAjax.click(this, initModalCarousel(this))">
                    Dr. Oetker Vanilkový lusk „Bourbon” 1 ks
                    
                </a></h5>
            <p class="product-item-price ">
                <span class="price-before-discount">
				</span>
                <strong class="price">79,90 Kč</strong>

            </p>
            <p class="product-item-unit">
                    (<strong class="price">39 950,00 Kč</strong> / kg)
            </p>
                        <div class="product-list-rating">
            </div>
<div id="snippet-productList-buy-24237-quantity">        <div class="product-quantity-control">
            <form action="/delikatesy" method="post" class="ajax" id="frm-productList-buy-24237-quantityForm">
                <input type="text" name="quantity" size="3" id="frm-productList-buy-24237-quantityForm-quantity" data-nette-rules='[{"op":":integer","msg":"Množství musí být číslo."}]' value="1" aria-label="počet k přidání">
                <input type="submit" name="_submit" value="Přidat" class="product-quantity-control-submit plus" aria-label="přidat počet do košíku">
            <input type="hidden" name="do" value="productList-buy-24237-quantityForm-submit"><!--[if IE]><input type=IEbug disabled style="display:none"><![endif]-->
</form>

        </div>
</div>
                <p class="product-incart-info accessible">Produkt nemáte v košíku</p>


        </div>

        
    </div>
    <div id="product-append-10142" class="product-item">
        <div class="product-item-flags">
            <div class="flag-sale ">
                <span class="percents">17<small>&#37;</small></span>
            </div>
        </div>
        <div class="product-item-image">
                <a data-href="/delikatesy?productList-id=10142&amp;do=productList-modal"
                   data-target="productList-productModal"
                   data-product-id="10142"
                   data-product-price="34.9"
                   data-page-title="Nekton Kaviár z kapelínů černý 50g"
                   data-page-path="/produkt/10142-nekton-kaviar-z-kapelinu-cerny-50g"
                   data-user-id=""
                   aria-hidden="true"
                   data-kosikmodal-onclose="onProductModalDestroy"
                   onclick="kosikAjax.click(this, initModalCarousel(this))">
                    <img src="https://cdn.kosik.cz/content/product/jpg/list/placeholder.jpg" data-src="https://cdn.kosik.cz/content/product/jpg/list/27929.jpg" alt="Nekton Kaviár z kapelínů černý 50g" class="loading-images loading-image">
                </a>




        </div>
                <div class="product-item-info">
                <h5><a href="javascript:void(0)" aria-label="Nekton Kaviár z kapelínů černý 50g" data-href="/delikatesy?productList-id=10142&amp;do=productList-modal" class="product-name modal-link"
                   data-target="productList-productModal" onclick="kosikAjax.click(this, initModalCarousel(this))">
                    Nekton Kaviár z kapelínů černý 50g
                    
                </a></h5>
            <p class="product-item-price product-in-discount">
                <span class="price-before-discount">
					<span><strong class="price">34,90 Kč</strong></span>
				</span>
                <strong class="price">28,90 Kč</strong>

            </p>
            <p class="product-item-unit">
                    (<strong class="price">578,00 Kč</strong> / kg)
            </p>
                        <div class="product-list-rating">
            </div>
<div id="snippet-productList-buy-10142-quantity">        <div class="product-quantity-control">
            <form action="/delikatesy" method="post" class="ajax" id="frm-productList-buy-10142-quantityForm">
                <input type="text" name="quantity" size="3" id="frm-productList-buy-10142-quantityForm-quantity" data-nette-rules='[{"op":":integer","msg":"Množství musí být číslo."}]' value="1" aria-label="počet k přidání">
                <input type="submit" name="_submit" value="Přidat" class="product-quantity-control-submit plus" aria-label="přidat počet do košíku">
            <input type="hidden" name="do" value="productList-buy-10142-quantityForm-submit"><!--[if IE]><input type=IEbug disabled style="display:none"><![endif]-->
</form>

        </div>
</div>
                <p class="product-incart-info accessible">Produkt nemáte v košíku</p>


        </div>

        
    </div>
    <div id="product-append-34851" class="product-item">
        <div class="product-item-flags">
        </div>
        <div class="product-item-image">
                <a data-href="/delikatesy?productList-id=34851&amp;do=productList-modal"
                   data-target="productList-productModal"
                   data-product-id="34851"
                   data-product-price="79.9"
                   data-page-title="Papei Losos Norský uzený 100g"
                   data-page-path="/produkt/34851-papei-losos-norsky-uzeny-100g"
                   data-user-id=""
                   aria-hidden="true"
                   data-kosikmodal-onclose="onProductModalDestroy"
                   onclick="kosikAjax.click(this, initModalCarousel(this))">
                    <img src="https://cdn.kosik.cz/content/product/jpg/list/placeholder.jpg" data-src="https://cdn.kosik.cz/content/product/jpg/list/52332.jpg" alt="Papei Losos Norský uzený 100g" class="loading-images loading-image">
                </a>




        </div>
                <div class="product-item-info">
                <h5><a href="javascript:void(0)" aria-label="Papei Losos Norský uzený 100g" data-href="/delikatesy?productList-id=34851&amp;do=productList-modal" class="product-name modal-link"
                   data-target="productList-productModal" onclick="kosikAjax.click(this, initModalCarousel(this))">
                    Papei Losos Norský uzený 100g
                    
                </a></h5>
            <p class="product-item-price ">
                <span class="price-before-discount">
				</span>
                <strong class="price">79,90 Kč</strong>

            </p>
            <p class="product-item-unit">
                    (<strong class="price">799,00 Kč</strong> / kg)
            </p>
                        <div class="product-list-rating">
            </div>
<div id="snippet-productList-buy-34851-quantity">        <div class="product-quantity-control">
            <form action="/delikatesy" method="post" class="ajax" id="frm-productList-buy-34851-quantityForm">
                <input type="text" name="quantity" size="3" id="frm-productList-buy-34851-quantityForm-quantity" data-nette-rules='[{"op":":integer","msg":"Množství musí být číslo."}]' value="1" aria-label="počet k přidání">
                <input type="submit" name="_submit" value="Přidat" class="product-quantity-control-submit plus" aria-label="přidat počet do košíku">
            <input type="hidden" name="do" value="productList-buy-34851-quantityForm-submit"><!--[if IE]><input type=IEbug disabled style="display:none"><![endif]-->
</form>

        </div>
</div>
                <p class="product-incart-info accessible">Produkt nemáte v košíku</p>


        </div>

        
    </div>
    <div id="product-append-36944" class="product-item">
        <div class="product-item-flags">
            <div class="flag-sale ">
                <span class="percents">18<small>&#37;</small></span>
            </div>
        </div>
        <div class="product-item-image">
                <a data-href="/delikatesy?productList-id=36944&amp;do=productList-modal"
                   data-target="productList-productModal"
                   data-product-id="36944"
                   data-product-price="109"
                   data-page-title="Skare Carpaccio s parmezánem a olivovým olejem 100g"
                   data-page-path="/produkt/36944-skare-carpaccio-s-parmezanem-a-olivovym-olejem-100g"
                   data-user-id=""
                   aria-hidden="true"
                   data-kosikmodal-onclose="onProductModalDestroy"
                   onclick="kosikAjax.click(this, initModalCarousel(this))">
                    <img src="https://cdn.kosik.cz/content/product/jpg/list/placeholder.jpg" data-src="https://cdn.kosik.cz/content/product/jpg/list/54562.jpg" alt="Skare Carpaccio s parmezánem a olivovým olejem 100g" class="loading-images loading-image">
                </a>




        </div>
                <div class="product-item-info">
                <h5><a href="javascript:void(0)" aria-label="Skare Carpaccio s parmezánem a olivovým olejem 100g" data-href="/delikatesy?productList-id=36944&amp;do=productList-modal" class="product-name modal-link"
                   data-target="productList-productModal" onclick="kosikAjax.click(this, initModalCarousel(this))">
                    Skare Carpaccio s parmezánem a olivovým olejem 100g
                    
                </a></h5>
            <p class="product-item-price product-in-discount">
                <span class="price-before-discount">
					<span><strong class="price">109,00 Kč</strong></span>
				</span>
                <strong class="price">89,90 Kč</strong>

            </p>
            <p class="product-item-unit">
                    (<strong class="price">781,70 Kč</strong> / kg)
            </p>
                        <div class="product-list-rating">
            </div>
<div id="snippet-productList-buy-36944-quantity">        <div class="product-quantity-control">
            <form action="/delikatesy" method="post" class="ajax" id="frm-productList-buy-36944-quantityForm">
                <input type="text" name="quantity" size="3" id="frm-productList-buy-36944-quantityForm-quantity" data-nette-rules='[{"op":":integer","msg":"Množství musí být číslo."}]' value="1" aria-label="počet k přidání">
                <input type="submit" name="_submit" value="Přidat" class="product-quantity-control-submit plus" aria-label="přidat počet do košíku">
            <input type="hidden" name="do" value="productList-buy-36944-quantityForm-submit"><!--[if IE]><input type=IEbug disabled style="display:none"><![endif]-->
</form>

        </div>
</div>
                <p class="product-incart-info accessible">Produkt nemáte v košíku</p>


        </div>

        
    </div>
    <div id="product-append-10143" class="product-item">
        <div class="product-item-flags">
            <div class="flag-sale ">
                <span class="percents">17<small>&#37;</small></span>
            </div>
        </div>
        <div class="product-item-image">
                <a data-href="/delikatesy?productList-id=10143&amp;do=productList-modal"
                   data-target="productList-productModal"
                   data-product-id="10143"
                   data-product-price="34.9"
                   data-page-title="Nekton Kaviár z kapelínů červený 50g"
                   data-page-path="/produkt/10143-nekton-kaviar-z-kapelinu-cerveny-50g"
                   data-user-id=""
                   aria-hidden="true"
                   data-kosikmodal-onclose="onProductModalDestroy"
                   onclick="kosikAjax.click(this, initModalCarousel(this))">
                    <img src="https://cdn.kosik.cz/content/product/jpg/list/placeholder.jpg" data-src="https://cdn.kosik.cz/content/product/jpg/list/27930.jpg" alt="Nekton Kaviár z kapelínů červený 50g" class="loading-images loading-image">
                </a>




        </div>
                <div class="product-item-info">
                <h5><a href="javascript:void(0)" aria-label="Nekton Kaviár z kapelínů červený 50g" data-href="/delikatesy?productList-id=10143&amp;do=productList-modal" class="product-name modal-link"
                   data-target="productList-productModal" onclick="kosikAjax.click(this, initModalCarousel(this))">
                    Nekton Kaviár z kapelínů červený 50g
                    
                </a></h5>
            <p class="product-item-price product-in-discount">
                <span class="price-before-discount">
					<span><strong class="price">34,90 Kč</strong></span>
				</span>
                <strong class="price">28,90 Kč</strong>

            </p>
            <p class="product-item-unit">
                    (<strong class="price">578,00 Kč</strong> / kg)
            </p>
                        <div class="product-list-rating">
            </div>
<div id="snippet-productList-buy-10143-quantity">        <div class="product-quantity-control">
            <form action="/delikatesy" method="post" class="ajax" id="frm-productList-buy-10143-quantityForm">
                <input type="text" name="quantity" size="3" id="frm-productList-buy-10143-quantityForm-quantity" data-nette-rules='[{"op":":integer","msg":"Množství musí být číslo."}]' value="1" aria-label="počet k přidání">
                <input type="submit" name="_submit" value="Přidat" class="product-quantity-control-submit plus" aria-label="přidat počet do košíku">
            <input type="hidden" name="do" value="productList-buy-10143-quantityForm-submit"><!--[if IE]><input type=IEbug disabled style="display:none"><![endif]-->
</form>

        </div>
</div>
                <p class="product-incart-info accessible">Produkt nemáte v košíku</p>


        </div>

        
    </div>
    <div id="product-append-8899" class="product-item">
        <div class="product-item-flags">
        </div>
        <div class="product-item-image">
                <a data-href="/delikatesy?productList-id=8899&amp;do=productList-modal"
                   data-target="productList-productModal"
                   data-product-id="8899"
                   data-product-price="75.9"
                   data-page-title="Arax Rýže basmati 1kg"
                   data-page-path="/produkt/8899-arax-ryze-basmati-1kg"
                   data-user-id=""
                   aria-hidden="true"
                   data-kosikmodal-onclose="onProductModalDestroy"
                   onclick="kosikAjax.click(this, initModalCarousel(this))">
                    <img src="https://cdn.kosik.cz/content/product/jpg/list/placeholder.jpg" data-src="https://cdn.kosik.cz/content/product/jpg/list/16377.jpg" alt="Arax Rýže basmati 1kg" class="loading-images loading-image">
                </a>




        </div>
                <div class="product-item-info">
                <h5><a href="javascript:void(0)" aria-label="Arax Rýže basmati 1kg" data-href="/delikatesy?productList-id=8899&amp;do=productList-modal" class="product-name modal-link"
                   data-target="productList-productModal" onclick="kosikAjax.click(this, initModalCarousel(this))">
                    Arax Rýže basmati 1kg
                    
                </a></h5>
            <p class="product-item-price ">
                <span class="price-before-discount">
				</span>
                <strong class="price">75,90 Kč</strong>

            </p>
            <p class="product-item-unit">
                    (<strong class="price">75,90 Kč</strong> / kg)
            </p>
                        <div class="product-list-rating">
                <span><ul class="rating"><li class="rating-children rating-1 up" data-rating="1"><i class="fa fa-star"></i></li><li class="rating-children rating-2 up" data-rating="2"><i class="fa fa-star"></i></li><li class="rating-children rating-3 up" data-rating="3"><i class="fa fa-star"></i></li><li class="rating-children rating-4 up" data-rating="4"><i class="fa fa-star"></i></li><li class="rating-children rating-5 down" data-rating="5"><i class="fa fa-star"></i></li></ul></span>
            </div>
<div id="snippet-productList-buy-8899-quantity">        <div class="product-quantity-control">
            <form action="/delikatesy" method="post" class="ajax" id="frm-productList-buy-8899-quantityForm">
                <input type="text" name="quantity" size="3" id="frm-productList-buy-8899-quantityForm-quantity" data-nette-rules='[{"op":":integer","msg":"Množství musí být číslo."}]' value="1" aria-label="počet k přidání">
                <input type="submit" name="_submit" value="Přidat" class="product-quantity-control-submit plus" aria-label="přidat počet do košíku">
            <input type="hidden" name="do" value="productList-buy-8899-quantityForm-submit"><!--[if IE]><input type=IEbug disabled style="display:none"><![endif]-->
</form>

        </div>
</div>
                <p class="product-incart-info accessible">Produkt nemáte v košíku</p>


        </div>

        
    </div>
    <div id="product-append-25501" class="product-item">
        <div class="product-item-flags">
        </div>
        <div class="product-item-image">
                <a data-href="/delikatesy?productList-id=25501&amp;do=productList-modal"
                   data-target="productList-productModal"
                   data-product-id="25501"
                   data-product-price="54.9"
                   data-page-title="Diana Pistácie pražené solené 100 g"
                   data-page-path="/produkt/25501-diana-pistacie-prazene-solene-100-g"
                   data-user-id=""
                   aria-hidden="true"
                   data-kosikmodal-onclose="onProductModalDestroy"
                   onclick="kosikAjax.click(this, initModalCarousel(this))">
                    <img src="https://cdn.kosik.cz/content/product/jpg/list/placeholder.jpg" data-src="https://cdn.kosik.cz/content/product/jpg/list/42781.jpg" alt="Diana Pistácie pražené solené 100 g" class="loading-images loading-image">
                </a>




        </div>
                <div class="product-item-info">
                <h5><a href="javascript:void(0)" aria-label="Diana Pistácie pražené solené 100 g" data-href="/delikatesy?productList-id=25501&amp;do=productList-modal" class="product-name modal-link"
                   data-target="productList-productModal" onclick="kosikAjax.click(this, initModalCarousel(this))">
                    Diana Pistácie pražené solené 100 g
                    
                </a></h5>
            <p class="product-item-price ">
                <span class="price-before-discount">
				</span>
                <strong class="price">54,90 Kč</strong>

            </p>
            <p class="product-item-unit">
                    (<strong class="price">549,00 Kč</strong> / kg)
            </p>
                        <div class="product-list-rating">
            </div>
<div id="snippet-productList-buy-25501-quantity">        <div class="product-quantity-control">
            <form action="/delikatesy" method="post" class="ajax" id="frm-productList-buy-25501-quantityForm">
                <input type="text" name="quantity" size="3" id="frm-productList-buy-25501-quantityForm-quantity" data-nette-rules='[{"op":":integer","msg":"Množství musí být číslo."}]' value="1" aria-label="počet k přidání">
                <input type="submit" name="_submit" value="Přidat" class="product-quantity-control-submit plus" aria-label="přidat počet do košíku">
            <input type="hidden" name="do" value="productList-buy-25501-quantityForm-submit"><!--[if IE]><input type=IEbug disabled style="display:none"><![endif]-->
</form>

        </div>
</div>
                <p class="product-incart-info accessible">Produkt nemáte v košíku</p>


        </div>

        
    </div>
    <div id="product-append-37034" class="product-item">
        <div class="product-item-flags">
        </div>
        <div class="product-item-image">
                <a data-href="/delikatesy?productList-id=37034&amp;do=productList-modal"
                   data-target="productList-productModal"
                   data-product-id="37034"
                   data-product-price="59.9"
                   data-page-title="Argal Jamon Serrano krájené 80g"
                   data-page-path="/produkt/37034-argal-jamon-serrano-krajene-80g"
                   data-user-id=""
                   aria-hidden="true"
                   data-kosikmodal-onclose="onProductModalDestroy"
                   onclick="kosikAjax.click(this, initModalCarousel(this))">
                    <img src="https://cdn.kosik.cz/content/product/jpg/list/placeholder.jpg" data-src="https://cdn.kosik.cz/content/product/jpg/list/54657.jpg" alt="Argal Jamon Serrano krájené 80g" class="loading-images loading-image">
                </a>




        </div>
                <div class="product-item-info">
                <h5><a href="javascript:void(0)" aria-label="Argal Jamon Serrano krájené 80g" data-href="/delikatesy?productList-id=37034&amp;do=productList-modal" class="product-name modal-link"
                   data-target="productList-productModal" onclick="kosikAjax.click(this, initModalCarousel(this))">
                    Argal Jamon Serrano krájené 80g
                    
                </a></h5>
            <p class="product-item-price ">
                <span class="price-before-discount">
				</span>
                <strong class="price">59,90 Kč</strong>

            </p>
            <p class="product-item-unit">
                    (<strong class="price">748,80 Kč</strong> / kg)
            </p>
                        <div class="product-list-rating">
            </div>
<div id="snippet-productList-buy-37034-quantity">        <div class="product-quantity-control">
            <form action="/delikatesy" method="post" class="ajax" id="frm-productList-buy-37034-quantityForm">
                <input type="text" name="quantity" size="3" id="frm-productList-buy-37034-quantityForm-quantity" data-nette-rules='[{"op":":integer","msg":"Množství musí být číslo."}]' value="1" aria-label="počet k přidání">
                <input type="submit" name="_submit" value="Přidat" class="product-quantity-control-submit plus" aria-label="přidat počet do košíku">
            <input type="hidden" name="do" value="productList-buy-37034-quantityForm-submit"><!--[if IE]><input type=IEbug disabled style="display:none"><![endif]-->
</form>

        </div>
</div>
                <p class="product-incart-info accessible">Produkt nemáte v košíku</p>


        </div>

        
    </div>
    <div id="product-append-43158" class="product-item">
        <div class="product-item-flags">
        </div>
        <div class="product-item-image">
                <a data-href="/delikatesy?productList-id=43158&amp;do=productList-modal"
                   data-target="productList-productModal"
                   data-product-id="43158"
                   data-product-price="45.99"
                   data-page-title="Medjoul Datle čerstvé medové BIO (cca 100g)"
                   data-page-path="/produkt/43158-medjoul-datle-cerstve-medove-bio-cca-100g"
                   data-user-id=""
                   aria-hidden="true"
                   data-kosikmodal-onclose="onProductModalDestroy"
                   onclick="kosikAjax.click(this, initModalCarousel(this))">
                    <img src="https://cdn.kosik.cz/content/product/jpg/list/placeholder.jpg" data-src="https://cdn.kosik.cz/content/product/jpg/list/60875.jpg" alt="Medjoul Datle čerstvé medové BIO (cca 100g)" class="loading-images loading-image">
                </a>




        </div>
                <div class="product-item-info">
                <h5><a href="javascript:void(0)" aria-label="Medjoul Datle čerstvé medové BIO (cca 100g)" data-href="/delikatesy?productList-id=43158&amp;do=productList-modal" class="product-name modal-link"
                   data-target="productList-productModal" onclick="kosikAjax.click(this, initModalCarousel(this))">
                    Medjoul Datle čerstvé medové BIO (cca 100g)
                    
                </a></h5>
            <p class="product-item-price ">
                <span class="price-before-discount">
				</span>
                <small class="circa-prefix">cca </small>
                <strong class="price">46,00 Kč</strong>

            </p>
            <p class="product-item-unit">
                    (<strong class="price">459,90 Kč</strong> / kg)
            </p>
                        <div class="product-list-rating">
            </div>
<div id="snippet-productList-buy-43158-quantity">        <div class="product-quantity-control">
            <form action="/delikatesy" method="post" class="ajax" id="frm-productList-buy-43158-quantityForm">
                <input type="text" name="quantity" size="3" id="frm-productList-buy-43158-quantityForm-quantity" data-nette-rules='[{"op":":integer","msg":"Množství musí být číslo."}]' value="1" aria-label="počet k přidání">
                <input type="submit" name="_submit" value="Přidat" class="product-quantity-control-submit plus" aria-label="přidat počet do košíku">
            <input type="hidden" name="do" value="productList-buy-43158-quantityForm-submit"><!--[if IE]><input type=IEbug disabled style="display:none"><![endif]-->
</form>

        </div>
</div>
                <p class="product-incart-info accessible">Produkt nemáte v košíku</p>


        </div>

        
    </div>
    <div id="product-append-31444" class="product-item">
        <div class="product-item-flags">
            <div class="flag-sale ">
                <span class="percents">23<small>&#37;</small></span>
            </div>
        </div>
        <div class="product-item-image">
                <a data-href="/delikatesy?productList-id=31444&amp;do=productList-modal"
                   data-target="productList-productModal"
                   data-product-id="31444"
                   data-product-price="29.9"
                   data-page-title="Kaaswinkeltje Gouda sýr Jong 100g"
                   data-page-path="/produkt/31444-kaaswinkeltje-gouda-syr-jong-100g"
                   data-user-id=""
                   aria-hidden="true"
                   data-kosikmodal-onclose="onProductModalDestroy"
                   onclick="kosikAjax.click(this, initModalCarousel(this))">
                    <img src="https://cdn.kosik.cz/content/product/jpg/list/placeholder.jpg" data-src="https://cdn.kosik.cz/content/product/jpg/list/48876.jpg" alt="Kaaswinkeltje Gouda sýr Jong 100g" class="loading-images loading-image">
                </a>




        </div>
                <div class="product-item-info">
                <h5><a href="javascript:void(0)" aria-label="Kaaswinkeltje Gouda sýr Jong 100g" data-href="/delikatesy?productList-id=31444&amp;do=productList-modal" class="product-name modal-link"
                   data-target="productList-productModal" onclick="kosikAjax.click(this, initModalCarousel(this))">
                    Kaaswinkeltje Gouda sýr Jong 100g
                    
                </a></h5>
            <p class="product-item-price product-in-discount">
                <span class="price-before-discount">
					<span><strong class="price">29,90 Kč</strong></span>
				</span>
                <strong class="price">22,90 Kč</strong>

            </p>
            <p class="product-item-unit">
                    (<strong class="price">229,00 Kč</strong> / kg)
            </p>
                        <div class="product-list-rating">
            </div>
<div id="snippet-productList-buy-31444-quantity">        <div class="product-quantity-control">
            <form action="/delikatesy" method="post" class="ajax" id="frm-productList-buy-31444-quantityForm">
                <input type="text" name="quantity" size="3" id="frm-productList-buy-31444-quantityForm-quantity" data-nette-rules='[{"op":":integer","msg":"Množství musí být číslo."}]' value="1" aria-label="počet k přidání">
                <input type="submit" name="_submit" value="Přidat" class="product-quantity-control-submit plus" aria-label="přidat počet do košíku">
            <input type="hidden" name="do" value="productList-buy-31444-quantityForm-submit"><!--[if IE]><input type=IEbug disabled style="display:none"><![endif]-->
</form>

        </div>
</div>
                <p class="product-incart-info accessible">Produkt nemáte v košíku</p>


        </div>

        
    </div>
    <div id="product-append-5175" class="product-item">
        <div class="product-item-flags">
        </div>
        <div class="product-item-image">
                <a data-href="/delikatesy?productList-id=5175&amp;do=productList-modal"
                   data-target="productList-productModal"
                   data-product-id="5175"
                   data-product-price="49.9"
                   data-page-title="Président Brie s ořechy 125g"
                   data-page-path="/produkt/5175-president-brie-s-orechy-125g"
                   data-user-id=""
                   aria-hidden="true"
                   data-kosikmodal-onclose="onProductModalDestroy"
                   onclick="kosikAjax.click(this, initModalCarousel(this))">
                    <img src="https://cdn.kosik.cz/content/product/jpg/list/placeholder.jpg" data-src="https://cdn.kosik.cz/content/product/jpg/list/5801.jpg" alt="Président Brie s ořechy 125g" class="loading-images loading-image">
                </a>




        </div>
                <div class="product-item-info">
                <h5><a href="javascript:void(0)" aria-label="Président Brie s ořechy 125g" data-href="/delikatesy?productList-id=5175&amp;do=productList-modal" class="product-name modal-link"
                   data-target="productList-productModal" onclick="kosikAjax.click(this, initModalCarousel(this))">
                    Président Brie s ořechy 125g
                    
                </a></h5>
            <p class="product-item-price ">
                <span class="price-before-discount">
				</span>
                <strong class="price">49,90 Kč</strong>

            </p>
            <p class="product-item-unit">
                    (<strong class="price">399,20 Kč</strong> / kg)
            </p>
                        <div class="product-list-rating">
                <span><ul class="rating"><li class="rating-children rating-1 up" data-rating="1"><i class="fa fa-star"></i></li><li class="rating-children rating-2 up" data-rating="2"><i class="fa fa-star"></i></li><li class="rating-children rating-3 up" data-rating="3"><i class="fa fa-star"></i></li><li class="rating-children rating-4 up" data-rating="4"><i class="fa fa-star"></i></li><li class="rating-children rating-5 up" data-rating="5"><i class="fa fa-star"></i></li></ul></span>
            </div>
<div id="snippet-productList-buy-5175-quantity">        <div class="product-quantity-control">
            <form action="/delikatesy" method="post" class="ajax" id="frm-productList-buy-5175-quantityForm">
                <input type="text" name="quantity" size="3" id="frm-productList-buy-5175-quantityForm-quantity" data-nette-rules='[{"op":":integer","msg":"Množství musí být číslo."}]' value="1" aria-label="počet k přidání">
                <input type="submit" name="_submit" value="Přidat" class="product-quantity-control-submit plus" aria-label="přidat počet do košíku">
            <input type="hidden" name="do" value="productList-buy-5175-quantityForm-submit"><!--[if IE]><input type=IEbug disabled style="display:none"><![endif]-->
</form>

        </div>
</div>
                <p class="product-incart-info accessible">Produkt nemáte v košíku</p>


        </div>

        
    </div>
    <div id="product-append-25491" class="product-item">
        <div class="product-item-flags">
        </div>
        <div class="product-item-image">
                <a data-href="/delikatesy?productList-id=25491&amp;do=productList-modal"
                   data-target="productList-productModal"
                   data-product-id="25491"
                   data-product-price="47.5"
                   data-page-title="Diana Mandle uzené 100g"
                   data-page-path="/produkt/25491-diana-mandle-uzene-100g"
                   data-user-id=""
                   aria-hidden="true"
                   data-kosikmodal-onclose="onProductModalDestroy"
                   onclick="kosikAjax.click(this, initModalCarousel(this))">
                    <img src="https://cdn.kosik.cz/content/product/jpg/list/placeholder.jpg" data-src="https://cdn.kosik.cz/content/product/jpg/list/42771.jpg" alt="Diana Mandle uzené 100g" class="loading-images loading-image">
                </a>




        </div>
                <div class="product-item-info">
                <h5><a href="javascript:void(0)" aria-label="Diana Mandle uzené 100g" data-href="/delikatesy?productList-id=25491&amp;do=productList-modal" class="product-name modal-link"
                   data-target="productList-productModal" onclick="kosikAjax.click(this, initModalCarousel(this))">
                    Diana Mandle uzené 100g
                    
                </a></h5>
            <p class="product-item-price ">
                <span class="price-before-discount">
				</span>
                <strong class="price">47,50 Kč</strong>

            </p>
            <p class="product-item-unit">
                    (<strong class="price">475,00 Kč</strong> / kg)
            </p>
                        <div class="product-list-rating">
            </div>
<div id="snippet-productList-buy-25491-quantity">        <div class="product-quantity-control">
            <form action="/delikatesy" method="post" class="ajax" id="frm-productList-buy-25491-quantityForm">
                <input type="text" name="quantity" size="3" id="frm-productList-buy-25491-quantityForm-quantity" data-nette-rules='[{"op":":integer","msg":"Množství musí být číslo."}]' value="1" aria-label="počet k přidání">
                <input type="submit" name="_submit" value="Přidat" class="product-quantity-control-submit plus" aria-label="přidat počet do košíku">
            <input type="hidden" name="do" value="productList-buy-25491-quantityForm-submit"><!--[if IE]><input type=IEbug disabled style="display:none"><![endif]-->
</form>

        </div>
</div>
                <p class="product-incart-info accessible">Produkt nemáte v košíku</p>


        </div>

        
    </div>
    <div id="product-append-50422" class="product-item">
        <div class="product-item-flags">
            <div class="flag-sale ">
                <span class="percents">-36<small>&#37;</small></span>
            </div>
        </div>
        <div class="product-item-image">
                <a data-href="/delikatesy?productList-id=50422&amp;do=productList-modal"
                   data-target="productList-productModal"
                   data-product-id="50422"
                   data-product-price="51.21"
                   data-page-title="Sanpareil Výběr paštik 8x25g"
                   data-page-path="/produkt/50422-sanpareil-vyber-pastik-8x25g"
                   data-user-id=""
                   aria-hidden="true"
                   data-kosikmodal-onclose="onProductModalDestroy"
                   onclick="kosikAjax.click(this, initModalCarousel(this))">
                    <img src="https://cdn.kosik.cz/content/product/jpg/list/placeholder.jpg" data-src="https://cdn.kosik.cz/content/product/jpg/list/67919.jpg" alt="Sanpareil Výběr paštik 8x25g" class="loading-images loading-image">
                </a>




        </div>
                <div class="product-item-info">
                <h5><a href="javascript:void(0)" aria-label="Sanpareil Výběr paštik 8x25g" data-href="/delikatesy?productList-id=50422&amp;do=productList-modal" class="product-name modal-link"
                   data-target="productList-productModal" onclick="kosikAjax.click(this, initModalCarousel(this))">
                    Sanpareil Výběr paštik 8x25g
                    
                </a></h5>
            <p class="product-item-price product-in-discount">
                <span class="price-before-discount">
					<span><strong class="price">51,20 Kč</strong></span>
				</span>
                <strong class="price">69,90 Kč</strong>

            </p>
            <p class="product-item-unit">
                    (<strong class="price">349,50 Kč</strong> / kg)
            </p>
                        <div class="product-list-rating">
            </div>
<div id="snippet-productList-buy-50422-quantity">        <div class="product-quantity-control">
            <form action="/delikatesy" method="post" class="ajax" id="frm-productList-buy-50422-quantityForm">
                <input type="text" name="quantity" size="3" id="frm-productList-buy-50422-quantityForm-quantity" data-nette-rules='[{"op":":integer","msg":"Množství musí být číslo."}]' value="1" aria-label="počet k přidání">
                <input type="submit" name="_submit" value="Přidat" class="product-quantity-control-submit plus" aria-label="přidat počet do košíku">
            <input type="hidden" name="do" value="productList-buy-50422-quantityForm-submit"><!--[if IE]><input type=IEbug disabled style="display:none"><![endif]-->
</form>

        </div>
</div>
                <p class="product-incart-info accessible">Produkt nemáte v košíku</p>


        </div>

        
    </div>
    <div id="product-append-25494" class="product-item">
        <div class="product-item-flags">
        </div>
        <div class="product-item-image">
                <a data-href="/delikatesy?productList-id=25494&amp;do=productList-modal"
                   data-target="productList-productModal"
                   data-product-id="25494"
                   data-product-price="82.5"
                   data-page-title="Diana Pekanové ořechy 100 g"
                   data-page-path="/produkt/25494-diana-pekanove-orechy-100-g"
                   data-user-id=""
                   aria-hidden="true"
                   data-kosikmodal-onclose="onProductModalDestroy"
                   onclick="kosikAjax.click(this, initModalCarousel(this))">
                    <img src="https://cdn.kosik.cz/content/product/jpg/list/placeholder.jpg" data-src="https://cdn.kosik.cz/content/product/jpg/list/42774.jpg" alt="Diana Pekanové ořechy 100 g" class="loading-images loading-image">
                </a>




        </div>
                <div class="product-item-info">
                <h5><a href="javascript:void(0)" aria-label="Diana Pekanové ořechy 100 g" data-href="/delikatesy?productList-id=25494&amp;do=productList-modal" class="product-name modal-link"
                   data-target="productList-productModal" onclick="kosikAjax.click(this, initModalCarousel(this))">
                    Diana Pekanové ořechy 100 g
                    
                </a></h5>
            <p class="product-item-price ">
                <span class="price-before-discount">
				</span>
                <strong class="price">82,50 Kč</strong>

            </p>
            <p class="product-item-unit">
                    (<strong class="price">825,00 Kč</strong> / kg)
            </p>
                        <div class="product-list-rating">
            </div>
<div id="snippet-productList-buy-25494-quantity">        <div class="product-quantity-control">
            <form action="/delikatesy" method="post" class="ajax" id="frm-productList-buy-25494-quantityForm">
                <input type="text" name="quantity" size="3" id="frm-productList-buy-25494-quantityForm-quantity" data-nette-rules='[{"op":":integer","msg":"Množství musí být číslo."}]' value="1" aria-label="počet k přidání">
                <input type="submit" name="_submit" value="Přidat" class="product-quantity-control-submit plus" aria-label="přidat počet do košíku">
            <input type="hidden" name="do" value="productList-buy-25494-quantityForm-submit"><!--[if IE]><input type=IEbug disabled style="display:none"><![endif]-->
</form>

        </div>
</div>
                <p class="product-incart-info accessible">Produkt nemáte v košíku</p>


        </div>

        
    </div>
    <div id="product-append-51396" class="product-item">
        <div class="product-item-flags">
            <div class="flag-sale ">
                <span class="percents">29<small>&#37;</small></span>
            </div>
        </div>
        <div class="product-item-image">
                <a data-href="/delikatesy?productList-id=51396&amp;do=productList-modal"
                   data-target="productList-productModal"
                   data-product-id="51396"
                   data-product-price="34.9"
                   data-page-title="Olma Olmín s pepřem 125g"
                   data-page-path="/produkt/51396-olma-olmin-s-peprem-125g"
                   data-user-id=""
                   aria-hidden="true"
                   data-kosikmodal-onclose="onProductModalDestroy"
                   onclick="kosikAjax.click(this, initModalCarousel(this))">
                    <img src="https://cdn.kosik.cz/content/product/jpg/list/placeholder.jpg" data-src="https://cdn.kosik.cz/content/product/jpg/list/68955.jpg" alt="Olma Olmín s pepřem 125g" class="loading-images loading-image">
                </a>




        </div>
                <div class="product-item-info">
                <h5><a href="javascript:void(0)" aria-label="Olma Olmín s pepřem 125g" data-href="/delikatesy?productList-id=51396&amp;do=productList-modal" class="product-name modal-link"
                   data-target="productList-productModal" onclick="kosikAjax.click(this, initModalCarousel(this))">
                    Olma Olmín s pepřem 125g
                    <br><span class="new-product">Novinka</span>
                </a></h5>
            <p class="product-item-price product-in-discount">
                <span class="price-before-discount">
					<span><strong class="price">34,90 Kč</strong></span>
				</span>
                <strong class="price">24,90 Kč</strong>

            </p>
            <p class="product-item-unit">
                    (<strong class="price">199,20 Kč</strong> / kg)
            </p>
                        <div class="product-list-rating">
            </div>
<div id="snippet-productList-buy-51396-quantity">        <div class="product-quantity-control">
            <form action="/delikatesy" method="post" class="ajax" id="frm-productList-buy-51396-quantityForm">
                <input type="text" name="quantity" size="3" id="frm-productList-buy-51396-quantityForm-quantity" data-nette-rules='[{"op":":integer","msg":"Množství musí být číslo."}]' value="1" aria-label="počet k přidání">
                <input type="submit" name="_submit" value="Přidat" class="product-quantity-control-submit plus" aria-label="přidat počet do košíku">
            <input type="hidden" name="do" value="productList-buy-51396-quantityForm-submit"><!--[if IE]><input type=IEbug disabled style="display:none"><![endif]-->
</form>

        </div>
</div>
                <p class="product-incart-info accessible">Produkt nemáte v košíku</p>


        </div>

        
    </div>
    <div id="product-append-21918" class="product-item">
        <div class="product-item-flags">
        </div>
        <div class="product-item-image">
                <a data-href="/delikatesy?productList-id=21918&amp;do=productList-modal"
                   data-target="productList-productModal"
                   data-product-id="21918"
                   data-product-price="59.9"
                   data-page-title="Galbani Gorgonzola 150g"
                   data-page-path="/produkt/21918-galbani-gorgonzola-150g"
                   data-user-id=""
                   aria-hidden="true"
                   data-kosikmodal-onclose="onProductModalDestroy"
                   onclick="kosikAjax.click(this, initModalCarousel(this))">
                    <img src="https://cdn.kosik.cz/content/product/jpg/list/placeholder.jpg" data-src="https://cdn.kosik.cz/content/product/jpg/list/39171.jpg" alt="Galbani Gorgonzola 150g" class="loading-images loading-image">
                </a>




        </div>
                <div class="product-item-info">
                <h5><a href="javascript:void(0)" aria-label="Galbani Gorgonzola 150g" data-href="/delikatesy?productList-id=21918&amp;do=productList-modal" class="product-name modal-link"
                   data-target="productList-productModal" onclick="kosikAjax.click(this, initModalCarousel(this))">
                    Galbani Gorgonzola 150g
                    
                </a></h5>
            <p class="product-item-price ">
                <span class="price-before-discount">
				</span>
                <strong class="price">59,90 Kč</strong>

            </p>
            <p class="product-item-unit">
                    (<strong class="price">399,30 Kč</strong> / kg)
            </p>
                        <div class="product-list-rating">
                <span><ul class="rating"><li class="rating-children rating-1 up" data-rating="1"><i class="fa fa-star"></i></li><li class="rating-children rating-2 up" data-rating="2"><i class="fa fa-star"></i></li><li class="rating-children rating-3 up" data-rating="3"><i class="fa fa-star"></i></li><li class="rating-children rating-4 up" data-rating="4"><i class="fa fa-star"></i></li><li class="rating-children rating-5 down" data-rating="5"><i class="fa fa-star"></i></li></ul></span>
            </div>
<div id="snippet-productList-buy-21918-quantity">        <div class="product-quantity-control">
            <form action="/delikatesy" method="post" class="ajax" id="frm-productList-buy-21918-quantityForm">
                <input type="text" name="quantity" size="3" id="frm-productList-buy-21918-quantityForm-quantity" data-nette-rules='[{"op":":integer","msg":"Množství musí být číslo."}]' value="1" aria-label="počet k přidání">
                <input type="submit" name="_submit" value="Přidat" class="product-quantity-control-submit plus" aria-label="přidat počet do košíku">
            <input type="hidden" name="do" value="productList-buy-21918-quantityForm-submit"><!--[if IE]><input type=IEbug disabled style="display:none"><![endif]-->
</form>

        </div>
</div>
                <p class="product-incart-info accessible">Produkt nemáte v košíku</p>


        </div>

        
    </div>
    <div id="product-append-1046" class="product-item">
        <div class="product-item-flags">
        </div>
        <div class="product-item-image">
                <a data-href="/delikatesy?productList-id=1046&amp;do=productList-modal"
                   data-target="productList-productModal"
                   data-product-id="1046"
                   data-product-price="119.9"
                   data-page-title="Merci 4 druhy mléčných čokoládových specialit 250g"
                   data-page-path="/produkt/1046-merci-4-druhy-mlecnych-cokoladovych-specialit-250g"
                   data-user-id=""
                   aria-hidden="true"
                   data-kosikmodal-onclose="onProductModalDestroy"
                   onclick="kosikAjax.click(this, initModalCarousel(this))">
                    <img src="https://cdn.kosik.cz/content/product/jpg/list/placeholder.jpg" data-src="https://cdn.kosik.cz/content/product/jpg/list/1113.jpg" alt="Merci 4 druhy mléčných čokoládových specialit 250g" class="loading-images loading-image">
                </a>




        </div>
                <div class="product-item-info">
                <h5><a href="javascript:void(0)" aria-label="Merci 4 druhy mléčných čokoládových specialit 250g" data-href="/delikatesy?productList-id=1046&amp;do=productList-modal" class="product-name modal-link"
                   data-target="productList-productModal" onclick="kosikAjax.click(this, initModalCarousel(this))">
                    Merci 4 druhy mléčných čokoládových specialit 250g
                    
                </a></h5>
            <p class="product-item-price ">
                <span class="price-before-discount">
				</span>
                <strong class="price">119,90 Kč</strong>

            </p>
            <p class="product-item-unit">
                    (<strong class="price">479,60 Kč</strong> / kg)
            </p>
                        <div class="product-list-rating">
            </div>
<div id="snippet-productList-buy-1046-quantity">        <div class="product-quantity-control">
            <form action="/delikatesy" method="post" class="ajax" id="frm-productList-buy-1046-quantityForm">
                <input type="text" name="quantity" size="3" id="frm-productList-buy-1046-quantityForm-quantity" data-nette-rules='[{"op":":integer","msg":"Množství musí být číslo."}]' value="1" aria-label="počet k přidání">
                <input type="submit" name="_submit" value="Přidat" class="product-quantity-control-submit plus" aria-label="přidat počet do košíku">
            <input type="hidden" name="do" value="productList-buy-1046-quantityForm-submit"><!--[if IE]><input type=IEbug disabled style="display:none"><![endif]-->
</form>

        </div>
</div>
                <p class="product-incart-info accessible">Produkt nemáte v košíku</p>


        </div>

        
    </div>
    <div id="product-append-25297" class="product-item">
        <div class="product-item-flags">
        </div>
        <div class="product-item-image">
                <a data-href="/delikatesy?productList-id=25297&amp;do=productList-modal"
                   data-target="productList-productModal"
                   data-product-id="25297"
                   data-product-price="29.9"
                   data-page-title="Diana Datle bez jader 250g"
                   data-page-path="/produkt/25297-diana-datle-bez-jader-250g"
                   data-user-id=""
                   aria-hidden="true"
                   data-kosikmodal-onclose="onProductModalDestroy"
                   onclick="kosikAjax.click(this, initModalCarousel(this))">
                    <img src="https://cdn.kosik.cz/content/product/jpg/list/placeholder.jpg" data-src="https://cdn.kosik.cz/content/product/jpg/list/42576.jpg" alt="Diana Datle bez jader 250g" class="loading-images loading-image">
                </a>




        </div>
                <div class="product-item-info">
                <h5><a href="javascript:void(0)" aria-label="Diana Datle bez jader 250g" data-href="/delikatesy?productList-id=25297&amp;do=productList-modal" class="product-name modal-link"
                   data-target="productList-productModal" onclick="kosikAjax.click(this, initModalCarousel(this))">
                    Diana Datle bez jader 250g
                    
                </a></h5>
            <p class="product-item-price ">
                <span class="price-before-discount">
				</span>
                <strong class="price">29,90 Kč</strong>

            </p>
            <p class="product-item-unit">
                    (<strong class="price">119,60 Kč</strong> / kg)
            </p>
                        <div class="product-list-rating">
            </div>
<div id="snippet-productList-buy-25297-quantity">        <div class="product-quantity-control">
            <form action="/delikatesy" method="post" class="ajax" id="frm-productList-buy-25297-quantityForm">
                <input type="text" name="quantity" size="3" id="frm-productList-buy-25297-quantityForm-quantity" data-nette-rules='[{"op":":integer","msg":"Množství musí být číslo."}]' value="1" aria-label="počet k přidání">
                <input type="submit" name="_submit" value="Přidat" class="product-quantity-control-submit plus" aria-label="přidat počet do košíku">
            <input type="hidden" name="do" value="productList-buy-25297-quantityForm-submit"><!--[if IE]><input type=IEbug disabled style="display:none"><![endif]-->
</form>

        </div>
</div>
                <p class="product-incart-info accessible">Produkt nemáte v košíku</p>


        </div>

        
    </div>
    <div id="product-append-25489" class="product-item">
        <div class="product-item-flags">
        </div>
        <div class="product-item-image">
                <a data-href="/delikatesy?productList-id=25489&amp;do=productList-modal"
                   data-target="productList-productModal"
                   data-product-id="25489"
                   data-product-price="45.9"
                   data-page-title="Diana Mandle pražené solené 100g"
                   data-page-path="/produkt/25489-diana-mandle-prazene-solene-100g"
                   data-user-id=""
                   aria-hidden="true"
                   data-kosikmodal-onclose="onProductModalDestroy"
                   onclick="kosikAjax.click(this, initModalCarousel(this))">
                    <img src="https://cdn.kosik.cz/content/product/jpg/list/placeholder.jpg" data-src="https://cdn.kosik.cz/content/product/jpg/list/42769.jpg" alt="Diana Mandle pražené solené 100g" class="loading-images loading-image">
                </a>




        </div>
                <div class="product-item-info">
                <h5><a href="javascript:void(0)" aria-label="Diana Mandle pražené solené 100g" data-href="/delikatesy?productList-id=25489&amp;do=productList-modal" class="product-name modal-link"
                   data-target="productList-productModal" onclick="kosikAjax.click(this, initModalCarousel(this))">
                    Diana Mandle pražené solené 100g
                    
                </a></h5>
            <p class="product-item-price ">
                <span class="price-before-discount">
				</span>
                <strong class="price">45,90 Kč</strong>

            </p>
            <p class="product-item-unit">
                    (<strong class="price">459,00 Kč</strong> / kg)
            </p>
                        <div class="product-list-rating">
            </div>
<div id="snippet-productList-buy-25489-quantity">        <div class="product-quantity-control">
            <form action="/delikatesy" method="post" class="ajax" id="frm-productList-buy-25489-quantityForm">
                <input type="text" name="quantity" size="3" id="frm-productList-buy-25489-quantityForm-quantity" data-nette-rules='[{"op":":integer","msg":"Množství musí být číslo."}]' value="1" aria-label="počet k přidání">
                <input type="submit" name="_submit" value="Přidat" class="product-quantity-control-submit plus" aria-label="přidat počet do košíku">
            <input type="hidden" name="do" value="productList-buy-25489-quantityForm-submit"><!--[if IE]><input type=IEbug disabled style="display:none"><![endif]-->
</form>

        </div>
</div>
                <p class="product-incart-info accessible">Produkt nemáte v košíku</p>


        </div>

        
    </div>
    <div id="product-append-31451" class="product-item">
        <div class="product-item-flags">
            <div class="flag-sale ">
                <span class="percents">21<small>&#37;</small></span>
            </div>
        </div>
        <div class="product-item-image">
                <a data-href="/delikatesy?productList-id=31451&amp;do=productList-modal"
                   data-target="productList-productModal"
                   data-product-id="31451"
                   data-product-price="41.9"
                   data-page-title="Kaaswinkeltje Gouda sýr vlašský ořech 100g"
                   data-page-path="/produkt/31451-kaaswinkeltje-gouda-syr-vlassky-orech-100g"
                   data-user-id=""
                   aria-hidden="true"
                   data-kosikmodal-onclose="onProductModalDestroy"
                   onclick="kosikAjax.click(this, initModalCarousel(this))">
                    <img src="https://cdn.kosik.cz/content/product/jpg/list/placeholder.jpg" data-src="https://cdn.kosik.cz/content/product/jpg/list/48883.jpg" alt="Kaaswinkeltje Gouda sýr vlašský ořech 100g" class="loading-images loading-image">
                </a>




        </div>
                <div class="product-item-info">
                <h5><a href="javascript:void(0)" aria-label="Kaaswinkeltje Gouda sýr vlašský ořech 100g" data-href="/delikatesy?productList-id=31451&amp;do=productList-modal" class="product-name modal-link"
                   data-target="productList-productModal" onclick="kosikAjax.click(this, initModalCarousel(this))">
                    Kaaswinkeltje Gouda sýr vlašský ořech 100g
                    
                </a></h5>
            <p class="product-item-price product-in-discount">
                <span class="price-before-discount">
					<span><strong class="price">41,90 Kč</strong></span>
				</span>
                <strong class="price">32,90 Kč</strong>

            </p>
            <p class="product-item-unit">
                    (<strong class="price">329,00 Kč</strong> / kg)
            </p>
                        <div class="product-list-rating">
            </div>
<div id="snippet-productList-buy-31451-quantity">        <div class="product-quantity-control">
            <form action="/delikatesy" method="post" class="ajax" id="frm-productList-buy-31451-quantityForm">
                <input type="text" name="quantity" size="3" id="frm-productList-buy-31451-quantityForm-quantity" data-nette-rules='[{"op":":integer","msg":"Množství musí být číslo."}]' value="1" aria-label="počet k přidání">
                <input type="submit" name="_submit" value="Přidat" class="product-quantity-control-submit plus" aria-label="přidat počet do košíku">
            <input type="hidden" name="do" value="productList-buy-31451-quantityForm-submit"><!--[if IE]><input type=IEbug disabled style="display:none"><![endif]-->
</form>

        </div>
</div>
                <p class="product-incart-info accessible">Produkt nemáte v košíku</p>


        </div>

        
    </div>
</div>

<div class="kosik-modal-overlay product-modal" id="productList-productModal" role="dialog">
    <div class="kosik-modal-inner large super-scaled" id="snippet-productList-productModalArea">
    </div>
</div>


<div class="kosik-modal-overlay" id="productList-productSetModal" role="dialog">
    <div class="kosik-modal-inner large super-scaled" id="snippet-productList-productSetModalArea">
    </div>
</div>
				</div>
			</div>

		</div>

	</div>



		</div>


		<div class="zone-wrapper zone-postscript-wrapper clearfix" id="footer-fixing-element">
			<div class="zone zone-postscript clearfix">
				<h2 class="hp-brand-carousel-title" style="display: none">Oblíbené značky</h2>
				<div class="region region-brands-carousel">
					<div class="region-inner region-brands-carousel-inner">

												<div>
	<div class="company-box" style="filter: grayscale(100%)" onmouseover="this.style.WebkitFilter='grayscale(0%)'" onmouseout="this.style.WebkitFilter='grayscale(100%)'">
		<a href="/birell-botanicals" aria-label="Birell Botanicals">
			<img style="margin-top: 15%" src="/content/microsites/birell/logo.jpg" alt="Birell Botanicals" aria-hidden="true">
			<div class="company-text" aria-hidden="true">Birell Botanicals</div>
		</a>
	</div>
</div>
												<div>
	<div class="company-box" style="filter: grayscale(100%)" onmouseover="this.style.WebkitFilter='grayscale(0%)'" onmouseout="this.style.WebkitFilter='grayscale(100%)'">
		<a href="/brand/penam" aria-label="Penam">
			<img style="margin-top: 15%" src="https://cdn.kosik.cz/content/brand-logo/png/default/86.png" alt="Penam" aria-hidden="true">
			<div class="company-text" aria-hidden="true">Penam</div>
		</a>
	</div>
</div>
<div>
	<div class="company-box" style="filter: grayscale(100%)" onmouseover="this.style.WebkitFilter='grayscale(0%)'" onmouseout="this.style.WebkitFilter='grayscale(100%)'">
		<a href="/brand/madeta" aria-label="Madeta">
			<img style="margin-top: 15%" src="https://cdn.kosik.cz/content/brand-logo/png/default/101.png" alt="Madeta" aria-hidden="true">
			<div class="company-text" aria-hidden="true">Madeta</div>
		</a>
	</div>
</div>
<div>
	<div class="company-box" style="filter: grayscale(100%)" onmouseover="this.style.WebkitFilter='grayscale(0%)'" onmouseout="this.style.WebkitFilter='grayscale(100%)'">
		<a href="/brand/danone" aria-label="Danone">
			<img style="margin-top: 15%" src="https://cdn.kosik.cz/content/brand-logo/png/default/109.png" alt="Danone" aria-hidden="true">
			<div class="company-text" aria-hidden="true">Danone</div>
		</a>
	</div>
</div>
<div>
	<div class="company-box" style="filter: grayscale(100%)" onmouseover="this.style.WebkitFilter='grayscale(0%)'" onmouseout="this.style.WebkitFilter='grayscale(100%)'">
		<a href="/brand/dr-oetker" aria-label="Dr. Oetker">
			<img style="margin-top: 15%" src="https://cdn.kosik.cz/content/brand-logo/png/default/313.png" alt="Dr. Oetker" aria-hidden="true">
			<div class="company-text" aria-hidden="true">Dr. Oetker</div>
		</a>
	</div>
</div>
<div>
	<div class="company-box" style="filter: grayscale(100%)" onmouseover="this.style.WebkitFilter='grayscale(0%)'" onmouseout="this.style.WebkitFilter='grayscale(100%)'">
		<a href="/brand/pickwick" aria-label="Pickwick">
			<img style="margin-top: 15%" src="https://cdn.kosik.cz/content/brand-logo/png/default/357.png" alt="Pickwick" aria-hidden="true">
			<div class="company-text" aria-hidden="true">Pickwick</div>
		</a>
	</div>
</div>
<div>
	<div class="company-box" style="filter: grayscale(100%)" onmouseover="this.style.WebkitFilter='grayscale(0%)'" onmouseout="this.style.WebkitFilter='grayscale(100%)'">
		<a href="/brand/velkopopovicky-kozel" aria-label="Velkopopovický Kozel">
			<img style="margin-top: 15%" src="https://cdn.kosik.cz/content/brand-logo/png/default/448.png" alt="Velkopopovický Kozel" aria-hidden="true">
			<div class="company-text" aria-hidden="true">Velkopopovický Kozel</div>
		</a>
	</div>
</div>
<div>
	<div class="company-box" style="filter: grayscale(100%)" onmouseover="this.style.WebkitFilter='grayscale(0%)'" onmouseout="this.style.WebkitFilter='grayscale(100%)'">
		<a href="/brand/edeka" aria-label="Edeka">
			<img style="margin-top: 15%" src="https://cdn.kosik.cz/content/brand-logo/png/default/678.png" alt="Edeka" aria-hidden="true">
			<div class="company-text" aria-hidden="true">Edeka</div>
		</a>
	</div>
</div>

					</div>
				</div>
				<div class="region region-subscribe-box">
					<div class="region-inner region-subscribe-box-inner">
						<div class="block block-subscribe-box-logo">
							<a aria-hidden="true" href="/">
								<img src="/css/images/logo-white.svg" alt="Košík.cz">
							</a>
						</div>
						<div class="block block-subscribe-box-social">
							<a href="https://twitter.com/kosikcz" class="twitter" title="Twitter" aria-label="Twitter">
								<i class="fa fa-twitter" aria-hidden="true"></i>
							</a>
							<a href="https://www.facebook.com/kosikcz" title="Facebook" class="facebook" aria-label="Facebook">
								<i class="fa fa-facebook" aria-hidden="true"></i>
							</a>
							<a href="https://www.instagram.com/kosik.cz/" title="Instagram" class="instagram" aria-label="Instagram" >
								<i class="fa fa-instagram" aria-hidden="true"></i>
							</a>
						</div>

<div class="block block-subscribe-email" id="snippet-subscribeMailing-subscribeFormArea">
		<p>Novinky a akční nabídky</p>
		<form action="/delikatesy" method="post" class="ajax" id="frm-subscribeMailing-subscribe">
		<label for="frm-subscribeMailing-subscribe-email">Zadejte svůj e-mail</label>
		<input type="text" name="email" placeholder="Zadejte svůj e-mail" id="frm-subscribeMailing-subscribe-email" required data-nette-rules='[{"op":":filled","msg":"E-mail je povinný"},{"op":":email","msg":"E-mail nemá správný formát"}]'>
		<input type="submit" name="_submit" value="Přihlásit" class="subscribe-button button-simple button-green" aria-label="Přihlásit se k odběru novinek">
		<input type="hidden" name="do" value="subscribeMailing-subscribe-submit"><!--[if IE]><input type=IEbug disabled style="display:none"><![endif]-->
</form>

</div>
					</div>
				</div>

			</div>
		</div>

		<footer class="zone-wrapper zone-footer-wrapper clearfix" role="contentinfo">
			<div class="zone zone-footer clearfix">
				<h2 class="accessible">Patička</h2>
				<div class="region region-footer lighter-gray-bg">
					<div class="region-inner region-footer-inner">
						<div class="block block-footer-left">

	<ul>
		<li>
			<h4 class="footer-title">Nakupování</h4>
			<ul>
				<li>
					<a href="/pripravene-nakupy">Připravené nákupy</a>
				</li>
				<li>
					<a href="/pruvodce-nakupem">Průvodce nákupem</a>
				</li>
				<li>
					<a href="/produkty-v-akci">Produkty v akci</a>
				</li>
				<li>
					<a href="/brands">Značkové obchody</a>
				</li>
				<li>
					<a href="/doporucujeme">Doporučujeme</a>
				</li>
			</ul>
		</li>
	</ul>
	<ul>
		<li>
			<h4 class="footer-title">Společnost</h4>
			<ul>
				<li>
					<a href="/spolecnost/kontakt">Kontakt</a>
				</li>
				<li>
					<a href="/kariera">Kariéra</a>
				</li>
				<li>
					<a href="/spolecnost/obchodni-podminky">Obchodní podmínky</a>
				</li>
				<li>
					<a href="/spolecnost/zrusit-odber">Zrušit odběr akční nabídky</a>
				</li>
			</ul>
		</li>
	</ul>
	<ul>
		<li>
			<h4 class="footer-title">Zajímá vás</h4>
			<ul>
				<li>
					<a href="/zajima-vas/proc-vybrat-kosik">Proč vybrat Košík.cz?</a>
				</li>
				<li>
					<a href="/zajima-vas/caste-dotazy">Časté dotazy</a>
				</li>
				<li>
					<a href="/zajima-vas/spoluprace">Spolupráce</a>
				</li>
				<li>
					<a href="/vitejte">První nákup</a>
				</li>
			</ul>
		</li>
	</ul>
	<ul>
		<li>
			<h4 class="footer-title">Získejte</h4>
			<ul>
				<li>
					<a href="/informace-o-rozvozu-a-cenach">Informace o rozvozu a cenách</a>
				</li>
				<li>
					<a href="/garance-spokojenosti">Garance spokojenosti</a>
				</li>
			</ul>
		</li>
	</ul>
						</div>
						<div class="block block-footer-right">
							<a href="https://www.facebook.com/kosikcz" class="accessible">Facebook Košík.cz</a>
							<div class="fb-page" data-href="https://www.facebook.com/kosikcz" data-width="300"
								 data-height="200"
								 data-small-header="true" data-adapt-container-width="false" data-hide-cover="false"
								 data-show-facepile="true" data-show-posts="false" aria-hidden="true">
								<div class="fb-xfbml-parse-ignore">
									<blockquote cite="https://www.facebook.com/kosikcz"><a
												href="https://www.facebook.com/kosikcz">Facebook</a></blockquote>
								</div>
							</div>
						</div>
						<div class="clear"></div>
						<div class="block block-footer-services">
							<div class="service-contact">
								<div class="service-phone">
									<span class="circle"><i class="fa fa-phone" aria-label="Telefon"></i></span>
									<p>226 220 500 <span>Denně 7:00 až 22:00</span></p>
							</div>
								<div class="service-mail">
									<span class="circle"><i class="fa fa-envelope" aria-label="E-mail"></i></span>

									<p>zakaznici@kosik.cz <span>Vašim e-mailům se věnujeme 7 dní v týdnu.</span></p>
								</div>
							</div>
							<div class="service-payment">
									<div class="payment">
										<img src="/css/images/payment-1.png" alt="Bezpečná platba - 1">
									</div>
									<div class="payment">
										<img src="/css/images/payment-2.png" alt="Bezpečná platba - 2">
									</div>
									<div class="payment">
										<img src="/css/images/payment-3.png" alt="Bezpečná platba - 3">
									</div>
									<div class="payment">
										<img src="/css/images/payment-4.png" alt="Bezpečná platba - 4">
									</div>
									<div class="payment">
										<img src="/css/images/payment-5.png" alt="Bezpečná platba - 5">
									</div>
							</div>
						</div>
					</div>
				</div>
				<div class="region region-copyright">
					<div class="region-inner region-copyright-inner">
						<p>Copyright ©2017 &copy; Košík.cz. Všechna práva vyhrazena.</p>
												<!-- Facebook Pixel Code -->
						<script>
							!function (f, b, e, v, n, t, s){if(f.fbq)return;n=f.fbq=function(){n.callMethod?
				n.callMethod.apply(n,arguments):n.queue.push(arguments)};if(!f._fbq)f._fbq=n;
				n.push=n;n.loaded=!0;n.version='2.0';n.queue=[];t=b.createElement(e);t.async=!0;
				t.src=v;s=b.getElementsByTagName(e)[0];s.parentNode.insertBefore(t,s)}(window,
									document, 'script', '//connect.facebook.net/en_US/fbevents.js');
							fbq('init', '338087796401059');
							fbq('track', "PageView");</script>
						<noscript><img height="1" width="1" style="display:none"
									   src="https://www.facebook.com/tr?id=338087796401059&ev=PageView&noscript=1"
							></noscript>
						<!-- End Facebook Pixel Code -->
					</div>
				</div>
			</div>
		</footer>

				<section class="kosik-modal-overlay zero-padding" id="weighable-modal" role="dialog" tabindex="-1">
			<div class="kosik-modal-inner large  super-scaled">

				<a href="javascript:void(0)" aria-label="Zavřít dialog" class="kosik-modal-close"></a>

				<div class="region region-fullwidth-image">
					<div class="region-inner region-fullwidth-image-inner">
						<img src="/css/images/veg.jpg" alt="">
					</div>
				</div>
				<div class="region region-modal-content">
					<div class="region-inner region-modal-content-inner  align-center">
						<h1 class="title"><strong>Kolik u nás zaplatíte</strong> <span>za maso, ovoce a zeleninu?</span></h1>

						<div class="block block-steps">
							<div class="block-steps-inner">
								<div class="step">
																		<p class="step-text">Slovíčka „cca" se u nás bát nemusíte! Jde pouze o přibližný
										odhad ceny, <strong>ve finále vám naúčtujeme pouze reálnou váhu daného
											výrobku.</strong></p>
								</div>
								<div class="step">
																		<p class="step-text">Při platbě v hotovosti vás kurýr obeznámí s výslednou cenou.
										Při platbě kartou vám případný rozdíl bude vrácen zpět na váš účet.</p>
								</div>
								<div class="step">
																		<p class="step-text">Nikdy se však nebude jednat o rozdíl větší než 30% z ceny
										výrobku.</p>
								</div>
							</div>
						</div>
						<a class="button button-red green-button"
						   onclick="kosikModal.closeModal(document.getElementById('weighable-modal'))">Pokračovat v nákupu</a>
					</div>
				</div>

			</div>
		</section>




        <div class="kosik-modal-overlay" id="login-modal" role="dialog" tabindex="-1" aria-labelledby="login-modal-label">
            <div class="kosik-modal-inner medium super-scaled">
                <div class="login-modal-dialog-box">
<a href="javascript:void(0)" aria-label="Zavřít dialog" class="log-in-close-tag kosik-modal-close"></a>
<div class="login-modal" id="snippet-loginModal-signIn-singIN">
        <h2 id="login-modal-label">Přihlásit</h2>
        <form action="/delikatesy" method="post" id="frm-loginModal-signIn-signInForm">
            <div class="form-row">
                    <label for="frm-loginModal-signIn-signInForm-email">E-mailová adresa</label>
                <input type="text" name="email" maxlength="255" id="frm-loginModal-signIn-signInForm-email" required data-nette-rules='[{"op":":filled","msg":"Zadejte prosím svoji e-mailovou adresu."},{"op":":email","msg":"E-mailová adresa nemá správný formát."},{"op":":maxLength","msg":"Maximální délka e-mailové adresy je %length% znaků.","arg":255}]' class="form-control">
            </div>
            <div class="form-row">
                    <label for="frm-loginModal-signIn-signInForm-password">Heslo</label>
                <input type="password" name="password" id="frm-loginModal-signIn-signInForm-password" required data-nette-rules='[{"op":":filled","msg":"Zadejte prosím své heslo."}]' class="form-control">
            </div>
            <div class="form-row">
                <a class="ajax link-red" href="/delikatesy?do=loginModal-signIn-recovery">Zapomněli jste heslo?</a>
            </div>
            <div class="form-row">
                <input type="submit" name="send" value="Přihlásit" class="button button-red ajax">
            </div>
        <input type="hidden" name="do" value="loginModal-signIn-signInForm-submit"></form>

        <div class="form-row">
            <span class="row-delimiter">
                <b>nebo</b>
            </span>
        </div>
        <div class="form-row">
<a class="button button-facebook" data-href="true" href="/delikatesy?do=loginModal-signIn-facebook-fbLogin-open">Facebook přihlášení</a>        </div>
</div>
<div class="login-modal" id="snippet-loginModal-signUp-singUP">
    <h2>Registrovat</h2>
<div id="snippet-loginModal-signUp-register">        <form action="/delikatesy" method="post" id="frm-loginModal-signUp-signUpFormMain">
            <div class="form-row">
                    <label for="frm-loginModal-signUp-signUpFormMain-email">Registrační e-mail</label>
                <input type="text" name="email" maxlength="255" id="frm-loginModal-signUp-signUpFormMain-email" required data-nette-rules='[{"op":":filled","msg":"Zadejte prosím svou e-mailovou adresu."},{"op":":email","msg":"E-mailová adresa nemá správný formát."},{"op":":maxLength","msg":"Maximální délka e-mailové adresy je %length% znaků.","arg":255}]' class="form-control signup-email">
            </div>

            <div class="form-row">
                <a href="/zajima-vas/proc-vybrat-kosik" class="link-red">Proč se registrovat?</a>
            </div>
            <div class="form-row">
                <input type="submit" name="send" value="Registrovat" class="ajax button button-red">
            </div>
        <input type="hidden" name="do" value="loginModal-signUp-signUpFormMain-submit"><!--[if IE]><input type=IEbug disabled style="display:none"><![endif]-->
</form>

                                                <p class="benefits">
            <i class="fa fa-check"></i>
            <b>Garance</b> spokojenosti
        </p>
        <p class="benefits">
            <i class="fa fa-check"></i>
            <b>Doprava</b> zdarma
        </p>
</div></div>

<script async>
    $(".signup-email").on("focus", function() {
    	window.dataLayer = window.dataLayer || [];
	    window.dataLayer.push({
		    'event': 'ga.event',
		    'eCategory': 'User',
		    'eAction': 'Registration',
		    'eLabel': 'Start',
		    'eValue': 1,
		    'eNonInteractionHit': true,
		    'eventCallback' : function() {
			    window.dataLayer.push({
				    'eCategory': undefined,
				    'eAction': undefined,
				    'eLabel': undefined,
				    'eValue': undefined,
				    'eNonInteractionHit': false
			    });
		    }
	    });
    })
</script>
                </div>
            </div>
        </div>
    <div class="kosik-modal-overlay" id="product-set-add-modal" role="dialog" tabindex="-1">
        <div class="kosik-modal-inner medium super-scaled">
            <a href="javascript:void(0)" aria-label="Zavřít dialog" class="kosik-modal-close"></a>

				<div class="product-set-add-modal-overlay" id="snippet--productSetModalArea">
	<h3>Přidání na seznam</h3>
	<p align="center">Produkt byl přidán na nákupní seznam</p>
				</div>
			</div>
		</div>
	</div>

	<script type="text/javascript">
		$(document).ready(function () {
			$('.region-brands-carousel-inner').slick({
				dots: false,
				infinite: true,
				slidesToShow: 6,
				slidesToScroll: 6,
				responsive: [
					{
						breakpoint: 1025,
						settings: {
							slidesToShow: 5,
                            swipeToSlide: true
						}
					},
					{
						breakpoint: 769,
						settings: {
							slidesToShow: 4,
                            swipeToSlide: true
						}
					},
					{
						breakpoint: 559,
						settings: {
							slidesToShow: 3,
                            swipeToSlide: false,
                            slidesToScroll: 3,
						}
					},
					{
						breakpoint: 380,
						settings: {
							slidesToShow: 2,
                            swipeToSlide: false,
                            slidesToScroll: 2,
						}
					}
				]
			});
		});

	</script>
</div>        </div>
        <div class="flass-massege-box" id="snippet--flashes">
            <div class="flass-wrapper">
                <div class="flass-inner">
                </div>
            </div>

        </div>
        <script src="/js/kosik-slider.js"></script>
            <script type="text/javascript" async>
                var ua = navigator.userAgent.toLowerCase(),
                        platform = navigator.platform.toLowerCase();
                platformName = ua.match(/ip(?:ad|od|hone)/) ? 'ios' : (ua.match(/(?:webos|android)/) || platform.match(/mac|win|linux/) || ['other'])[0],
                        isMobile = /ios|android|webos/.test(platformName);
                if (!isMobile) {
                    <!-- Daktela Chat - START Body -->
                    var _daktelaChatInit = _daktelaChatInit || {};
                    _daktelaChatInit.server = 'https://digitalengines.daktela.com/';
                    _daktelaChatInit.accessToken = 'q3059750300809p3r611r01np2n63r7r';
                    _daktelaChatInit.queueName = '91001';
                    jQuery('head').append('<script type="text/javascript" charset="utf-8" src="'+
                    _daktelaChatInit.server+'external/chat/chat.v6.js" async><'+'/script>');
                    <!-- Daktela Chat - END Body -->
                }
            </script>
            <script async src="https://yottlyscript.com/script.js?tp=77"></script>

        <script src="/js/wNumb.js"></script>
        <script src="/js/nouislider.js"></script>
        <script src="/js/notification.js"></script>
        <script src="/js/slim.kickstart.min.js"></script>


		    </body>
</html>
