<!doctype html>
<html class="no-js" lang="cs">
    <head>
        <meta charset="utf-8">
        <title>
                Pivo | Košík.cz
        </title>
        <meta name="description" content="">
        <meta name="viewport" content="width=device-width, initial-scale=1.0, minimum-scale=1.0, maximum-scale=1.0, user-scalable=0">
        <meta name="google-site-verification" content="D_TktPqmDVHPoqRO1IIcPVlm_ozerAa43QP0QcKATP0">
        <link rel="apple-touch-icon" href="/css/images/logo.png">
        <link rel="stylesheet" type="text/css" href="/css/slim.min.css">

<link rel="stylesheet" type="text/css" href="/webtemp/cssloader-6fe495a87813.css?1513959590">
<script type="text/javascript" src="/webtemp/jsloader-e4f5f7728c43.js?1511346204"></script>
<script type="text/javascript">
    function currentPageDataPush() {
	    window.dataLayer = window.dataLayer || [];
	    window.dataLayer.push({
		    'pageType': "category",
		    'pageCategory': ["Nápoje","Pivo"],
		    'visitorLoginState': 'Anonymous',
			
	    });
    };
    currentPageDataPush();
</script>
<!-- Google Tag Manager -->
    <script>
        (
            function(w,d,s,l,i){
                w[l]=w[l]||[];
                w[l].push({'gtm.start':new Date().getTime(),event:'gtm.js'});
                var f=d.getElementsByTagName(s)[0],j=d.createElement(s),dl=l!='dataLayer'?'&l='+l:'';
                j.async=true;
                j.src='https://www.googletagmanager.com/gtm.js?id='+i+dl;
                f.parentNode.insertBefore(j,f);
            }
        )(window,document,'script','dataLayer',"GTM-MXLVZK");
    </script>
<!-- End Google Tag Manager -->        
                    </head>
    <body>
<!-- Google Tag Manager (noscript) -->
	<noscript><iframe src="https://www.googletagmanager.com/ns.html?id=GTM-MXLVZK" height="0" width="0" style="display:none;visibility:hidden"></iframe></noscript>
<!-- End Google Tag Manager (noscript) -->
	            <div id="fb-root"></div>
        <script async>(function (d, s, id) {
                var js, fjs = d.getElementsByTagName(s)[0];
                if (d.getElementById(id)) return;
                js = d.createElement(s);
                js.id = id;
                js.src = "//connect.facebook.net/en_US/sdk.js#xfbml=1&version=v2.4&appId=680354828760786";
                fjs.parentNode.insertBefore(js, fjs);
            }(document, 'script', 'facebook-jssdk'));
        </script>
        <div class="black-overlay"></div>
        <div id="kosik-modal-blur">
<div id="snippet--wholeContent">	<!--[if lt IE 8]>
	<p class="browserupgrade">You are using an <strong>outdated</strong> browser. Please <a
			href="http://browsehappy.com/">upgrade your browser</a> to improve your experience.</p>
	<![endif]-->
	<div class="body">
		<div id="skiptocontent">
						<button onclick='location.href = "#maincontent";'  class="skip-link" accesskey="o" tabindex="1" aria-label="Přejít na hlavní obsah (klávesa o)">Hlavní obsah [o]</button>
			<button onclick='location.href = "#big-menu";'  class="skip-link" accesskey="n" tabindex="1" href="" aria-label="Přejít na navigaci (klávesa n)">Přejít na navigaci [n]</button>
			<button onclick='location.href = "#frm-suggester-suggester-phrase";'  class="skip-link" accesskey="v" tabindex="1" aria-label="Přejít na vyhledání (klávesa v)">Přejít na vyhledání [v]</button>

				<button class="skip-link blur-modal-overlay kosik-modal-open log-out-icon" tabindex="1" data-target="login-modal" aria-label="Přihlásit se (nejste přihlášen)">Přihlásit se</button>
		</div>

		<header>
			<div class="zone-wrapper zone-header-wrapper clearfix">
<div id="snippet-cookiesAgreementControl-bar">    <div class="region region-cookie-message">
        <div class="region-inner region-cookie-message-inner">
            <span>Cookies nám pomáhají poskytovat lepší služby. Používáním/zobrazováním stránky vyjadřujete souhlas s jejich používáním a uchováváním.</span>
            <a class="btn-info ajax" aria-label="Souhlasím s používáním a uchováváním cookies" href="/napoje/pivo?do=cookiesAgreementControl-agree">Souhlasím</a>
        </div>
    </div>
</div>				<div class="zone zone-header clearfix">
					<div class="region region-header">
						<div class="region-inner region-header-inner">
							<div class="block block-logo">
								<a class="header-logo" href="/">
									<img src="/css/images/logo.svg" alt="logo Kosik.cz">
								</a>
							</div>
<script>
    $(document).ready(function(){
        var timeout;

		$('.block-suggester-container').on('click',function(e){

			e.stopPropagation();

        });

        $('.block-suggester-container .suggester input[type=text]').keyup(function(){
            var self = $(this);

            if(timeout) clearTimeout(timeout);

            timeout = setTimeout(function(){
                $.nette.ajax({
                    url: "https:\/\/www.kosik.cz\/napoje\/pivo?do=suggester-suggest",
                    data: {
                        phrase: self.val()
                    }
                })
            }, 300);


        });

    });

    function gaPush(self, cat)
    {
        dataLayer.push({
            'event': 'ga.pageview',
            'pagePath': '/hledat?q='+$('#frm-suggester-suggester-phrase').val()+'&cat='+cat,
            'pageTitle': 'Našeptávač'
        });

        window.location = self.href;
    }
</script>
<div class="block block-suggester-container" role="search">
    <div class="suggester">
        <form action="/napoje/pivo" method="post" id="frm-suggester-suggester" aria-label="vyhledávání na košíku">
            <input type="text" name="phrase" autocomplete="off" placeholder="Vyhledávání" id="frm-suggester-suggester-phrase">
            <input type="submit" name="_submit" value="Hledat" class="button-simple button-red">
        <input type="hidden" name="do" value="suggester-suggester-submit"><!--[if IE]><input type=IEbug disabled style="display:none"><![endif]-->
</form>

    </div>
<div id="snippet-suggester-suggestionResult"></div></div>
<script type="text/javascript" async>
    var ShoppingList = {
        toggle: function () {
            basic.toggleClass(document.getElementById('shopping-list-overlay'), 'active')
        }
    };

    basic.documentReady(function () {

        var textArea = document.getElementById('frm-shoppingList-listForm-queries');

        if (textArea)
            textArea.setAttribute('placeholder', 'Například: \n\nMléko \nChléb \nVejce \nMaso \nRajče \n\n\nPro zadání klikněte do pole')
    });

</script>
<div class="block block-shopping-list" id="shopping-list-overlay">
    <a id="shopping-list" class="shopping-list button-simple button-red" onclick="ShoppingList.toggle()">Nákupní lístek</a>

    <div class="shopping-list-detail">
        <h5>Nákupní lístek</h5>

        <p>Napište hledané položky a klikněte na HLEDAT</p>
        <form action="/napoje/pivo" method="post" id="frm-checklist-listForm">
        <textarea name="queries" placeholder="Například:&amp;#13;&amp;#10;" id="frm-checklist-listForm-queries">Chléb
Nízkotučný jogurt
Vejce
Hladká mouka</textarea>
            <div class="shopping-list-buttons">
                <a href="#" class="link-red" onclick="document.getElementById('frm-checklist-listForm').submit();">Uložit lístek</a>
                <a onclick="ShoppingList.toggle()" class="link-red">Skrýt lístek</a>
                <input type="submit" name="_submit" value="Hledat" class="button button-red">
            </div>
        <input type="hidden" name="do" value="checklist-listForm-submit"><!--[if IE]><input type=IEbug disabled style="display:none"><![endif]-->
</form>

    </div>
</div>
                        <div class="block block-user-session">

							<div class="user-session-group">
									<a class="log-icon log-out-icon blur-modal-overlay kosik-modal-open log-out-icon"
									   data-target="login-modal"
									   aria-label="Přihlásit se"
									   href="javascript:void(0)">
										<span><img src="/svg/log-out.svg"  title="Nepřihlášený uživatel"></span>
										Přihlásit
									</a>


							</div>

							</div>
							<script type="text/javascript">
								$(document).ready(function () {
									$('.block-user-session .button').click(function (event) {
										$('.block-user-session').toggleClass('open');
									});
								});
							</script>
						</div>
					</div>

					<div class="mobile-fixed-header" id="fixed-header">
						<span class="navigation-mobile only-mobile"></span>
						<span class="suggester-mobile-switcher icon-search"></span>
<div class="region region-nav-special" role="navigation">
    <div class="region-inner region-nav-special-inner">
        <ul>
            <li><a href="/produkty-v-akci" data-href="true" >
                    <img src="/svg/action.svg" aria-hidden="true" alt="akce">
                    <span class="item-name-desktop">Akce</span>
                </a></li>
            <li><a href="/vyprodej" data-href="true">
                    <img src="/svg/sale.svg" aria-hidden="true" alt="výprodej">
                    <span class="item-name-desktop">Výprodej</span>
                </a></li>
                        <li></li>
            <li><a href="/recepty" data-href="true">
                    <img src="/svg/recipes.svg" aria-hidden="true" alt="recepty">
                    <span class="item-name-desktop">Recepty</span>
                </a></li>
            <li><a href="https://blog.kosik.cz" data-href="true" target="_blank">
                    <img src="/svg/blog.svg" aria-hidden="true" alt="blog">
                    <span class="item-name-desktop">Blog</span>
                </a></li>
            <li><a href="/delikatesy">
                    <img src="/svg/deli.svg" aria-hidden="true" alt="delikatesy">
                    <span class="item-name-desktop">Delikatesy</span>
                </a></li>
            <li><a href="/hotova-jidla">
                    <img src="/svg/ready-made-meal.svg" aria-hidden="true" alt="hotová jídla">
                    <span class="item-name-desktop">Hotová jídla</span>
                </a></li>
            <li><a class="christmas-link" href="/#christmas-inspiration">
                    <img src="/svg/vanoce.svg" aria-hidden="true" alt="Vánoce">
                    <span class="item-name-desktop">Vánoce</span>
                </a></li>
            <li><a href="/poctive-piti">
                    <img src="/svg/honest-drinks.svg" aria-hidden="true" alt="poctivé pití">
                    <span class="item-name-desktop">Poctivé pití</span>
                </a></li>
        </ul>
    </div>
</div>

<div class="region region-navigation" id="big-menu" role="navigation">
    <div class="region-inner region-navigation-inner">
        <span class="navigation-mobile"></span>
        <script>
            $(document).ready(function () {
                $('.region-navigation ul > li.sub').hover(function () {
                    var isOpen = $(this).data().open;

                    if (!isOpen) {
                        var images = $(this).find('img');

                        images.each(function (index, element) {
                            $(element).attr('src', $(element).data().src);
                        });

                        $(this).data().open = true;
                    }
                });
            });
        </script>

        <ul>
                <li class="login-modal-controls  mobile-small-nav-show">
                    <a class="log-in blur-modal-overlay kosik-modal-open" data-target="login-modal" id="signup-open">
                        Registrovat
                    </a>
                    <a class="log-in blur-modal-overlay kosik-modal-open" data-target="login-modal" id="signin-open">
                        Přihlásit
                    </a>
                </li>
                <li class="facebook-nav  mobile-small-nav-show">
<a class="button button-facebook" data-href="true" href="/napoje/pivo?do=menu-facebook-fbLogin-open">Facebook přihlášení</a>                </li>


                        <div class="menu-nav-icons mobile-small-nav-show">

                <div class="ico-text-group">
                    <a class="ico-text-group-link" href="/produkty-v-akci" data-href="true">
                        <span class="item-name">Akce</span>
                        <img src="/svg/action.svg" aria-hidden="true" alt="akce">
                    </a>
                </div>


                <div class="ico-text-group">
                    <a class="ico-text-group-link" href="/vyprodej" data-href="true">
                        <span class="item-name">Výprodej</span>
                        <img src="/svg/sale.svg" aria-hidden="true" alt="výprodej">
                    </a>
                </div>


                
                <div class="ico-text-group">
                    <a class="ico-text-group-link" href="/recepty" data-href="true">
                        <span class="item-name">Recepty</span>
                        <img src="/svg/recipes.svg" aria-hidden="true" alt="recepty">
                    </a>
                </div>

               <div class="ico-text-group">
                    <a class="ico-text-group-link" href="https://blog.kosik.cz" data-href="true" target="_blank">
                        <span class="item-name">Blog</span>
                        <img src="/svg/blog.svg" aria-hidden="true" alt="blog">
                    </a>
                </div>

                <div class="ico-text-group">
                    <a class="ico-text-group-link" href="/delikatesy" data-href="true">
                        <span class="item-name">Delikatesy</span>
                        <img src="/svg/deli.svg" aria-hidden="true" alt="delikatesy">
                    </a>
                </div>

                <div class="ico-text-group">
                    <a class="ico-text-group-link" href="/hotova-jidla" data-href="true">
                        <span class="item-name">Hotová jídla</span>
                        <img src="/svg/ready-made-meal.svg" aria-hidden="true" alt="hotová jídla">
                    </a>
                </div>

                <div class="ico-text-group">
                    <a class="ico-text-group-link christmas-link" href="/#christmas-inspiration" data-href="true" >
                        <span class="item-name">Vánoce</span>
                        <img src="/svg/vanoce.svg" aria-hidden="true" alt="Vánoce">
                    </a>
                </div>

                <div class="ico-text-group">
                    <a class="ico-text-group-link" href="/poctive-piti" data-href="true" >
                        <span class="item-name">Poctivé pití</span>
                        <img src="/svg/honest-drinks.svg" aria-hidden="true" alt="Poctivé pití">
                    </a>
                </div>
            </div>

                <li class="sub with-children"
                    data-open="false">
                    <a href="/mlecne-a-chlazene">
                        Mléčné a chlazené
                    </a>
                        <span class="category-toggle-sub mobile-small-nav-show"
                              onclick="this.parentNode.classList.toggle('open')">
							<i class="fa fa-angle-down" aria-hidden="true"></i>
						</span>
                    <div class="block block-droped-category">
                        <div class="block-droped-category-inner">
                            <div class="category-product-list">

                                                                <div class="product-type">
                                    <a href="/mlecne-a-chlazene/mlecne-vyrobky-vejce" class="product-type-image">
                                        <img data-src="https://cdn.kosik.cz/content/category/svg/menu/908.svg" alt="Mléčné výrobky, vejce">
                                    </a>
                                    <h3>
                                        <a class="children" href="/mlecne-a-chlazene/mlecne-vyrobky-vejce">
                                            Mléčné výrobky, vejce
                                        </a>
                                    </h3>

                                                                        <div class="categories-container">

                                                <a href="/mlecne-a-chlazene/mlecne-vyrobky-vejce/bio-mlecne-vyrobky">
                                                    Bio mléčné výrobky,
                                                </a>

                                                <a href="/mlecne-a-chlazene/mlecne-vyrobky-vejce/drozdi">
                                                    Droždí,
                                                </a>

                                                <a href="/mlecne-a-chlazene/mlecne-vyrobky-vejce/mleko">
                                                    Mléko,
                                                </a>


                                                <a href="/mlecne-a-chlazene/mlecne-vyrobky-vejce/smetany-a-alternativy">
                                                    Smetany a alternativy,
                                                </a>

                                                <a href="/mlecne-a-chlazene/mlecne-vyrobky-vejce/jogurty">
                                                    Jogurty,
                                                </a>







                                        <a href="/mlecne-a-chlazene/mlecne-vyrobky-vejce">...</a>
                                    </div>
                                </div>
                                <div class="product-type">
                                    <a href="/mlecne-a-chlazene/syry" class="product-type-image">
                                        <img data-src="https://cdn.kosik.cz/content/category/svg/menu/936.svg" alt="Sýry">
                                    </a>
                                    <h3>
                                        <a class="children" href="/mlecne-a-chlazene/syry">
                                            Sýry
                                        </a>
                                    </h3>

                                                                        <div class="categories-container">

                                                <a href="/mlecne-a-chlazene/syry/platkove">
                                                    Plátkové,
                                                </a>

                                                <a href="/mlecne-a-chlazene/syry/blocky">
                                                    Bločky,
                                                </a>

                                                <a href="/mlecne-a-chlazene/syry/strouhane">
                                                    Strouhané,
                                                </a>

                                                <a href="/mlecne-a-chlazene/syry/cottage-a-cerstve">
                                                    Cottage a čerstvé,
                                                </a>



                                                <a href="/mlecne-a-chlazene/syry/termizovane">
                                                    Termizované,
                                                </a>









                                        <a href="/mlecne-a-chlazene/syry">...</a>
                                    </div>
                                </div>
                                <div class="product-type">
                                    <a href="/mlecne-a-chlazene/upraveny-obsah-laktozy" class="product-type-image">
                                        <img data-src="https://cdn.kosik.cz/content/category/svg/menu/1703.svg" alt="Upravený obsah laktózy">
                                    </a>
                                    <h3>
                                        <a class="children" href="/mlecne-a-chlazene/upraveny-obsah-laktozy">
                                            Upravený obsah laktózy
                                        </a>
                                    </h3>

                                                                        <div class="categories-container">


                                                <a href="/mlecne-a-chlazene/upraveny-obsah-laktozy/bez-laktozy">
                                                    Bez laktózy,
                                                </a>
                                        <a href="/mlecne-a-chlazene/upraveny-obsah-laktozy">...</a>
                                    </div>
                                </div>
                                <div class="product-type">
                                    <a href="/mlecne-a-chlazene/maslo-margariny-tuky" class="product-type-image">
                                        <img data-src="https://cdn.kosik.cz/content/category/svg/menu/902.svg" alt="Máslo, margaríny, tuky">
                                    </a>
                                    <h3>
                                        <a class="children" href="/mlecne-a-chlazene/maslo-margariny-tuky">
                                            Máslo, margaríny, tuky
                                        </a>
                                    </h3>

                                                                        <div class="categories-container">

                                                <a href="/mlecne-a-chlazene/maslo-margariny-tuky/margariny">
                                                    Margaríny,
                                                </a>

                                                <a href="/mlecne-a-chlazene/maslo-margariny-tuky/maslo">
                                                    Máslo,
                                                </a>


                                                <a href="/mlecne-a-chlazene/maslo-margariny-tuky/sadlo">
                                                    Sádlo,
                                                </a>

                                        <a href="/mlecne-a-chlazene/maslo-margariny-tuky">...</a>
                                    </div>
                                </div>
                                <div class="product-type">
                                    <a href="/mlecne-a-chlazene/majonezy-tatarky-a-dresingy" class="product-type-image">
                                        <img data-src="https://cdn.kosik.cz/content/category/svg/menu/899.svg" alt="Majonézy, tatarky a dresingy">
                                    </a>
                                    <h3>
                                        <a class="children" href="/mlecne-a-chlazene/majonezy-tatarky-a-dresingy">
                                            Majonézy, tatarky a dresingy
                                        </a>
                                    </h3>

                                                                        <div class="categories-container">

                                                <a href="/mlecne-a-chlazene/majonezy-tatarky-a-dresingy/dresingy">
                                                    Dresingy,
                                                </a>

                                        <a href="/mlecne-a-chlazene/majonezy-tatarky-a-dresingy">...</a>
                                    </div>
                                </div>
                            </div>
                        </div>
                    </div>
                </li>
                <li class="sub with-children"
                    data-open="false">
                    <a href="/maso-a-ryby">
                        Maso a ryby
                    </a>
                        <span class="category-toggle-sub mobile-small-nav-show"
                              onclick="this.parentNode.classList.toggle('open')">
							<i class="fa fa-angle-down" aria-hidden="true"></i>
						</span>
                    <div class="block block-droped-category">
                        <div class="block-droped-category-inner">
                            <div class="category-product-list">

                                                                <div class="product-type">
                                    <a href="/maso-a-ryby/jehneci" class="product-type-image">
                                        <img data-src="https://cdn.kosik.cz/content/category/svg/menu/973.svg" alt="Jehněčí">
                                    </a>
                                    <h3>
                                        <a class="children" href="/maso-a-ryby/jehneci">
                                            Jehněčí
                                        </a>
                                    </h3>

                                                                        <div class="categories-container">

                                                <a href="/maso-a-ryby/jehneci/bio">
                                                    Bio,
                                                </a>

                                                <a href="/maso-a-ryby/jehneci/s-kosti">
                                                    S kostí,
                                                </a>

                                                <a href="/maso-a-ryby/jehneci/mlete">
                                                    Mleté,
                                                </a>
                                        <a href="/maso-a-ryby/jehneci">...</a>
                                    </div>
                                </div>
                                <div class="product-type">
                                    <a href="/maso-a-ryby/mlete-maso" class="product-type-image">
                                        <img data-src="https://cdn.kosik.cz/content/category/svg/menu/974.svg" alt="Mleté maso">
                                    </a>
                                    <h3>
                                        <a class="children" href="/maso-a-ryby/mlete-maso">
                                            Mleté maso
                                        </a>
                                    </h3>

                                                                        <div class="categories-container">

                                                <a href="/maso-a-ryby/mlete-maso/hovezi">
                                                    Hovězí,
                                                </a>

                                                <a href="/maso-a-ryby/mlete-maso/veprove">
                                                    Vepřové,
                                                </a>

                                                <a href="/maso-a-ryby/mlete-maso/jehneci">
                                                    Jehněčí,
                                                </a>

                                                <a href="/maso-a-ryby/mlete-maso/michane-mix">
                                                    Míchané (mix),
                                                </a>

                                                <a href="/maso-a-ryby/mlete-maso/drubezi">
                                                    Drůbeží,
                                                </a>
                                        <a href="/maso-a-ryby/mlete-maso">...</a>
                                    </div>
                                </div>
                                <div class="product-type">
                                    <a href="/maso-a-ryby/farmarske-a-specialni" class="product-type-image">
                                        <img data-src="https://cdn.kosik.cz/content/category/svg/menu/1858.svg" alt="Farmářské a speciální">
                                    </a>
                                    <h3>
                                        <a class="children" href="/maso-a-ryby/farmarske-a-specialni">
                                            Farmářské a speciální
                                        </a>
                                    </h3>

                                                                        <div class="categories-container">

                                                <a href="/maso-a-ryby/farmarske-a-specialni/farmarska-drubez">
                                                    Farmářská Drůbež,
                                                </a>

                                                <a href="/maso-a-ryby/farmarske-a-specialni/francouzska-drubez">
                                                    Francouzská drůbež,
                                                </a>
                                        <a href="/maso-a-ryby/farmarske-a-specialni">...</a>
                                    </div>
                                </div>
                                <div class="product-type">
                                    <a href="/maso-a-ryby/masa-na-grilovani-a-steaky" class="product-type-image">
                                        <img data-src="https://cdn.kosik.cz/content/category/svg/menu/1859.svg" alt="Masa na grilování a steaky">
                                    </a>
                                    <h3>
                                        <a class="children" href="/maso-a-ryby/masa-na-grilovani-a-steaky">
                                            Masa na grilování a steaky
                                        </a>
                                    </h3>

                                                                        <div class="categories-container">

                                                <a href="/maso-a-ryby/masa-na-grilovani-a-steaky/vyzrala-masa">
                                                    Vyzrálá masa,
                                                </a>

                                                <a href="/maso-a-ryby/masa-na-grilovani-a-steaky/masa-na-grilovani">
                                                    Masa na grilování,
                                                </a>

                                                <a href="/maso-a-ryby/masa-na-grilovani-a-steaky/masa-na-medailonky">
                                                    Masa na medailonky,
                                                </a>
                                        <a href="/maso-a-ryby/masa-na-grilovani-a-steaky">...</a>
                                    </div>
                                </div>
                                <div class="product-type">
                                    <a href="/maso-a-ryby/snadne-vareni-a-polotovary" class="product-type-image">
                                        <img data-src="https://cdn.kosik.cz/content/category/svg/menu/1860.svg" alt="Snadné vaření a polotovary">
                                    </a>
                                    <h3>
                                        <a class="children" href="/maso-a-ryby/snadne-vareni-a-polotovary">
                                            Snadné vaření a polotovary
                                        </a>
                                    </h3>

                                                                        <div class="categories-container">

                                                <a href="/maso-a-ryby/snadne-vareni-a-polotovary/sous-vide">
                                                    Sous vide,
                                                </a>

                                                <a href="/maso-a-ryby/snadne-vareni-a-polotovary/burgery">
                                                    Burgery,
                                                </a>

                                                <a href="/maso-a-ryby/snadne-vareni-a-polotovary/klobasy">
                                                    Klobásy,
                                                </a>

                                                <a href="/maso-a-ryby/snadne-vareni-a-polotovary/vyvary">
                                                    Vývary,
                                                </a>

                                                <a href="/maso-a-ryby/snadne-vareni-a-polotovary/masne-polotovary">
                                                    Masné Polotovary,
                                                </a>
                                        <a href="/maso-a-ryby/snadne-vareni-a-polotovary">...</a>
                                    </div>
                                </div>
                                <div class="product-type">
                                    <a href="/maso-a-ryby/drubez" class="product-type-image">
                                        <img data-src="https://cdn.kosik.cz/content/category/svg/menu/961.svg" alt="Drůbež">
                                    </a>
                                    <h3>
                                        <a class="children" href="/maso-a-ryby/drubez">
                                            Drůbež
                                        </a>
                                    </h3>

                                                                        <div class="categories-container">

                                                <a href="/maso-a-ryby/drubez/bio">
                                                    Bio,
                                                </a>

                                                <a href="/maso-a-ryby/drubez/kachna-husa">
                                                    Kachna, husa,
                                                </a>

                                                <a href="/maso-a-ryby/drubez/droby">
                                                    Droby,
                                                </a>

                                                <a href="/maso-a-ryby/drubez/mlete">
                                                    Mleté,
                                                </a>

                                                <a href="/maso-a-ryby/drubez/specialni">
                                                    Speciální,
                                                </a>

                                                <a href="/maso-a-ryby/drubez/na-polevku">
                                                    Na polévku,
                                                </a>

                                                <a href="/maso-a-ryby/drubez/rodinne-baleni">
                                                    Rodinné balení,
                                                </a>





                                        <a href="/maso-a-ryby/drubez">...</a>
                                    </div>
                                </div>
                                <div class="product-type">
                                    <a href="/maso-a-ryby/hovezi" class="product-type-image">
                                        <img data-src="https://cdn.kosik.cz/content/category/svg/menu/967.svg" alt="Hovězí">
                                    </a>
                                    <h3>
                                        <a class="children" href="/maso-a-ryby/hovezi">
                                            Hovězí
                                        </a>
                                    </h3>

                                                                        <div class="categories-container">

                                                <a href="/maso-a-ryby/hovezi/mlete">
                                                    Mleté,
                                                </a>

                                                <a href="/maso-a-ryby/hovezi/na-polevku">
                                                    Na polévku,
                                                </a>

                                                <a href="/maso-a-ryby/hovezi/rodinne-baleni">
                                                    Rodinné balení,
                                                </a>

                                                <a href="/maso-a-ryby/hovezi/jalovice-krava">
                                                    Jalovice, kráva,
                                                </a>

                                                <a href="/maso-a-ryby/hovezi/mlady-byk">
                                                    Mladý býk,
                                                </a>


                                                <a href="/maso-a-ryby/hovezi/bio">
                                                    Bio,
                                                </a>

                                        <a href="/maso-a-ryby/hovezi">...</a>
                                    </div>
                                </div>
                                <div class="product-type">
                                    <a href="/maso-a-ryby/veprove" class="product-type-image">
                                        <img data-src="https://cdn.kosik.cz/content/category/svg/menu/980.svg" alt="Vepřové">
                                    </a>
                                    <h3>
                                        <a class="children" href="/maso-a-ryby/veprove">
                                            Vepřové
                                        </a>
                                    </h3>

                                                                        <div class="categories-container">

                                                <a href="/maso-a-ryby/veprove/v-celku">
                                                    V celku,
                                                </a>

                                                <a href="/maso-a-ryby/veprove/krajene">
                                                    Krájené,
                                                </a>

                                                <a href="/maso-a-ryby/veprove/droby">
                                                    Droby,
                                                </a>

                                                <a href="/maso-a-ryby/veprove/mlete">
                                                    Mleté,
                                                </a>

                                                <a href="/maso-a-ryby/veprove/uzene">
                                                    Uzené,
                                                </a>

                                                <a href="/maso-a-ryby/veprove/slaniny">
                                                    Slaniny,
                                                </a>

                                                <a href="/maso-a-ryby/veprove/rodinne-baleni">
                                                    Rodinné balení,
                                                </a>
                                        <a href="/maso-a-ryby/veprove">...</a>
                                    </div>
                                </div>
                                <div class="product-type">
                                    <a href="/maso-a-ryby/ryby" class="product-type-image">
                                        <img data-src="https://cdn.kosik.cz/content/category/svg/menu/975.svg" alt="Ryby">
                                    </a>
                                    <h3>
                                        <a class="children" href="/maso-a-ryby/ryby">
                                            Ryby
                                        </a>
                                    </h3>

                                                                        <div class="categories-container">

                                                <a href="/maso-a-ryby/ryby/cele-ryby">
                                                    Celé ryby,
                                                </a>

                                                <a href="/maso-a-ryby/ryby/filety">
                                                    Filety,
                                                </a>

                                                <a href="/maso-a-ryby/ryby/ceske-ryby">
                                                    České ryby,
                                                </a>

                                                <a href="/maso-a-ryby/ryby/morske">
                                                    Mořské,
                                                </a>

                                                <a href="/maso-a-ryby/ryby/sladkovodni">
                                                    Sladkovodní,
                                                </a>

                                                <a href="/maso-a-ryby/ryby/uzene">
                                                    Uzené,
                                                </a>

                                        <a href="/maso-a-ryby/ryby">...</a>
                                    </div>
                                </div>
                                <div class="product-type">
                                    <a href="/maso-a-ryby/zverina" class="product-type-image">
                                        <img data-src="https://cdn.kosik.cz/content/category/svg/menu/982.svg" alt="Zvěřina">
                                    </a>
                                    <h3>
                                        <a class="children" href="/maso-a-ryby/zverina">
                                            Zvěřina
                                        </a>
                                    </h3>

                                                                        <div class="categories-container">

                                                <a href="/maso-a-ryby/zverina/vysoka">
                                                    Vysoká,
                                                </a>

                                                <a href="/maso-a-ryby/zverina/cerna">
                                                    Černá,
                                                </a>
                                        <a href="/maso-a-ryby/zverina">...</a>
                                    </div>
                                </div>
                                <div class="product-type">
                                    <a href="/maso-a-ryby/bio" class="product-type-image">
                                        <img data-src="https://cdn.kosik.cz/content/category/svg/menu/981.svg" alt="Bio">
                                    </a>
                                    <h3>
                                        <a class="children" href="/maso-a-ryby/bio">
                                            Bio
                                        </a>
                                    </h3>

                                                                        <div class="categories-container">

                                                <a href="/maso-a-ryby/bio/hovezi">
                                                    Hovězí,
                                                </a>

                                                <a href="/maso-a-ryby/bio/drubezi">
                                                    Drůbeží,
                                                </a>

                                                <a href="/maso-a-ryby/bio/jehneci">
                                                    Jehněčí,
                                                </a>
                                        <a href="/maso-a-ryby/bio">...</a>
                                    </div>
                                </div>
                                <div class="product-type">
                                    <a href="/maso-a-ryby/susene-maso" class="product-type-image">
                                        <img data-src="https://cdn.kosik.cz/content/category/svg/menu/984.svg" alt="Sušené maso">
                                    </a>
                                    <h3>
                                        <a class="children" href="/maso-a-ryby/susene-maso">
                                            Sušené maso
                                        </a>
                                    </h3>

                                                                        <div class="categories-container">

                                                <a href="/maso-a-ryby/susene-maso/hovezi">
                                                    Hovězí,
                                                </a>

                                                <a href="/maso-a-ryby/susene-maso/veprove">
                                                    Vepřové,
                                                </a>

                                                <a href="/maso-a-ryby/susene-maso/drubezi">
                                                    Drůbeží,
                                                </a>

                                                <a href="/maso-a-ryby/susene-maso/ostatni">
                                                    Ostatní,
                                                </a>
                                        <a href="/maso-a-ryby/susene-maso">...</a>
                                    </div>
                                </div>
                            </div>
                        </div>
                    </div>
                </li>
                <li class="sub with-children"
                    data-open="false">
                    <a href="/ovoce-a-zelenina">
                        Ovoce a zelenina
                    </a>
                        <span class="category-toggle-sub mobile-small-nav-show"
                              onclick="this.parentNode.classList.toggle('open')">
							<i class="fa fa-angle-down" aria-hidden="true"></i>
						</span>
                    <div class="block block-droped-category">
                        <div class="block-droped-category-inner">
                            <div class="category-product-list">

                                                                <div class="product-type">
                                    <a href="/ovoce-a-zelenina/susene-orechy-a-semena" class="product-type-image">
                                        <img data-src="https://cdn.kosik.cz/content/category/svg/menu/1003.svg" alt="Sušené ořechy a semena">
                                    </a>
                                    <h3>
                                        <a class="children" href="/ovoce-a-zelenina/susene-orechy-a-semena">
                                            Sušené ořechy a semena
                                        </a>
                                    </h3>

                                                                        <div class="categories-container">

                                                <a href="/ovoce-a-zelenina/susene-orechy-a-semena/orechy">
                                                    Ořechy,
                                                </a>

                                                <a href="/ovoce-a-zelenina/susene-orechy-a-semena/semena">
                                                    Semena,
                                                </a>
                                        <a href="/ovoce-a-zelenina/susene-orechy-a-semena">...</a>
                                    </div>
                                </div>
                                <div class="product-type">
                                    <a href="/ovoce-a-zelenina/cerstve-stavy" class="product-type-image">
                                        <img data-src="https://cdn.kosik.cz/content/category/svg/menu/1756.svg" alt="Čerstvé šťávy">
                                    </a>
                                    <h3>
                                        <a class="children" href="/ovoce-a-zelenina/cerstve-stavy">
                                            Čerstvé šťávy
                                        </a>
                                    </h3>

                                                                    </div>
                                <div class="product-type">
                                    <a href="/ovoce-a-zelenina/ovoce" class="product-type-image">
                                        <img data-src="https://cdn.kosik.cz/content/category/svg/menu/993.svg" alt="Ovoce">
                                    </a>
                                    <h3>
                                        <a class="children" href="/ovoce-a-zelenina/ovoce">
                                            Ovoce
                                        </a>
                                    </h3>

                                                                        <div class="categories-container">

                                                <a href="/ovoce-a-zelenina/ovoce/jablka-a-hrusky">
                                                    Jablka a hrušky,
                                                </a>


                                                <a href="/ovoce-a-zelenina/ovoce/citrusy">
                                                    Citrusy,
                                                </a>

                                                <a href="/ovoce-a-zelenina/ovoce/hrozny-a-melouny">
                                                    Hrozny a melouny,
                                                </a>

                                                <a href="/ovoce-a-zelenina/ovoce/jahody-a-lesni-plody">
                                                    Jahody a lesní plody,
                                                </a>

                                        <a href="/ovoce-a-zelenina/ovoce">...</a>
                                    </div>
                                </div>
                                <div class="product-type">
                                    <a href="/ovoce-a-zelenina/zelenina" class="product-type-image">
                                        <img data-src="https://cdn.kosik.cz/content/category/svg/menu/1013.svg" alt="Zelenina">
                                    </a>
                                    <h3>
                                        <a class="children" href="/ovoce-a-zelenina/zelenina">
                                            Zelenina
                                        </a>
                                    </h3>

                                                                        <div class="categories-container">

                                                <a href="/ovoce-a-zelenina/zelenina/brambory">
                                                    Brambory,
                                                </a>

                                                <a href="/ovoce-a-zelenina/zelenina/cibule-a-cesnek">
                                                    Cibule a česnek,
                                                </a>

                                                <a href="/ovoce-a-zelenina/zelenina/korenova-zelenina">
                                                    Kořenová zelenina,
                                                </a>


                                                <a href="/ovoce-a-zelenina/zelenina/okurky-a-salaty">
                                                    Okurky a saláty,
                                                </a>





                                                <a href="/ovoce-a-zelenina/zelenina/houby">
                                                    Houby,
                                                </a>


                                        <a href="/ovoce-a-zelenina/zelenina">...</a>
                                    </div>
                                </div>
                                <div class="product-type">
                                    <a href="/ovoce-a-zelenina/bylinky" class="product-type-image">
                                        <img data-src="https://cdn.kosik.cz/content/category/svg/menu/989.svg" alt="Bylinky">
                                    </a>
                                    <h3>
                                        <a class="children" href="/ovoce-a-zelenina/bylinky">
                                            Bylinky
                                        </a>
                                    </h3>

                                                                        <div class="categories-container">

                                                <a href="/ovoce-a-zelenina/bylinky/bylinky-v-kvetinaci">
                                                    Bylinky v květináči,
                                                </a>

                                                <a href="/ovoce-a-zelenina/bylinky/rezane-bylinky">
                                                    Řezané bylinky,
                                                </a>
                                        <a href="/ovoce-a-zelenina/bylinky">...</a>
                                    </div>
                                </div>
                                <div class="product-type">
                                    <a href="/ovoce-a-zelenina/salaty" class="product-type-image">
                                        <img data-src="https://cdn.kosik.cz/content/category/svg/menu/1000.svg" alt="Saláty">
                                    </a>
                                    <h3>
                                        <a class="children" href="/ovoce-a-zelenina/salaty">
                                            Saláty
                                        </a>
                                    </h3>

                                                                        <div class="categories-container">

                                                <a href="/ovoce-a-zelenina/salaty/ovocne-salaty">
                                                    Ovocné saláty,
                                                </a>

                                                <a href="/ovoce-a-zelenina/salaty/zeleninove-salaty">
                                                    Zeleninové saláty,
                                                </a>
                                        <a href="/ovoce-a-zelenina/salaty">...</a>
                                    </div>
                                </div>
                                <div class="product-type">
                                    <a href="/ovoce-a-zelenina/susene-ovoce-smesi-a-houby" class="product-type-image">
                                        <img data-src="https://cdn.kosik.cz/content/category/svg/menu/1008.svg" alt="Sušené ovoce, směsi a houby">
                                    </a>
                                    <h3>
                                        <a class="children" href="/ovoce-a-zelenina/susene-ovoce-smesi-a-houby">
                                            Sušené ovoce, směsi a houby
                                        </a>
                                    </h3>

                                                                        <div class="categories-container">

                                                <a href="/ovoce-a-zelenina/susene-ovoce-smesi-a-houby/susene-ovoce">
                                                    Sušené ovoce,
                                                </a>

                                                <a href="/ovoce-a-zelenina/susene-ovoce-smesi-a-houby/susene-houby">
                                                    Sušené houby,
                                                </a>
                                        <a href="/ovoce-a-zelenina/susene-ovoce-smesi-a-houby">...</a>
                                    </div>
                                </div>
                                <div class="product-type">
                                    <a href="/ovoce-a-zelenina/bio" class="product-type-image">
                                        <img data-src="https://cdn.kosik.cz/content/category/svg/menu/986.svg" alt="Bio">
                                    </a>
                                    <h3>
                                        <a class="children" href="/ovoce-a-zelenina/bio">
                                            Bio
                                        </a>
                                    </h3>

                                                                        <div class="categories-container">

                                                <a href="/ovoce-a-zelenina/bio/bio-ovoce">
                                                    Bio ovoce,
                                                </a>

                                                <a href="/ovoce-a-zelenina/bio/bio-zelenina">
                                                    Bio zelenina,
                                                </a>
                                        <a href="/ovoce-a-zelenina/bio">...</a>
                                    </div>
                                </div>
                            </div>
                        </div>
                    </div>
                </li>
                <li class="sub with-children"
                    data-open="false">
                    <a href="/pecivo">
                        Pečivo
                    </a>
                        <span class="category-toggle-sub mobile-small-nav-show"
                              onclick="this.parentNode.classList.toggle('open')">
							<i class="fa fa-angle-down" aria-hidden="true"></i>
						</span>
                    <div class="block block-droped-category">
                        <div class="block-droped-category-inner">
                            <div class="category-product-list">

                                                                <div class="product-type">
                                    <a href="/pecivo/dorty-a-zakusky" class="product-type-image">
                                        <img data-src="https://cdn.kosik.cz/content/category/svg/menu/1033.svg" alt="Dorty a zákusky">
                                    </a>
                                    <h3>
                                        <a class="children" href="/pecivo/dorty-a-zakusky">
                                            Dorty a zákusky
                                        </a>
                                    </h3>

                                                                    </div>
                                <div class="product-type">
                                    <a href="/pecivo/bezne" class="product-type-image">
                                        <img data-src="https://cdn.kosik.cz/content/category/svg/menu/1028.svg" alt="Běžné">
                                    </a>
                                    <h3>
                                        <a class="children" href="/pecivo/bezne">
                                            Běžné
                                        </a>
                                    </h3>

                                                                        <div class="categories-container">

                                                <a href="/pecivo/bezne/balene-pecivo">
                                                    Balené pečivo,
                                                </a>

                                                <a href="/pecivo/bezne/svetle-pecivo">
                                                    Světlé pečivo,
                                                </a>

                                                <a href="/pecivo/bezne/slane-pecivo">
                                                    Slané pečivo,
                                                </a>

                                        <a href="/pecivo/bezne">...</a>
                                    </div>
                                </div>
                                <div class="product-type">
                                    <a href="/pecivo/chleb" class="product-type-image">
                                        <img data-src="https://cdn.kosik.cz/content/category/svg/menu/1034.svg" alt="Chléb">
                                    </a>
                                    <h3>
                                        <a class="children" href="/pecivo/chleb">
                                            Chléb
                                        </a>
                                    </h3>

                                                                        <div class="categories-container">

                                                <a href="/pecivo/chleb/chleb-baleny">
                                                    Chléb balený,
                                                </a>

                                                <a href="/pecivo/chleb/chleb-volny">
                                                    Chléb volný,
                                                </a>
                                        <a href="/pecivo/chleb">...</a>
                                    </div>
                                </div>
                                <div class="product-type">
                                    <a href="/pecivo/sladke" class="product-type-image">
                                        <img data-src="https://cdn.kosik.cz/content/category/svg/menu/1042.svg" alt="Sladké">
                                    </a>
                                    <h3>
                                        <a class="children" href="/pecivo/sladke">
                                            Sladké
                                        </a>
                                    </h3>

                                                                        <div class="categories-container">

                                                <a href="/pecivo/sladke/sladke-pecivo-balene">
                                                    Sladké pečivo balené,
                                                </a>

                                                <a href="/pecivo/sladke/sladke-pecivo-volne">
                                                    Sladké pečivo volné,
                                                </a>
                                        <a href="/pecivo/sladke">...</a>
                                    </div>
                                </div>
                                <div class="product-type">
                                    <a href="/pecivo/trvanlive-pecivo" class="product-type-image">
                                        <img data-src="https://cdn.kosik.cz/content/category/svg/menu/1045.svg" alt="Trvanlivé pečivo">
                                    </a>
                                    <h3>
                                        <a class="children" href="/pecivo/trvanlive-pecivo">
                                            Trvanlivé pečivo
                                        </a>
                                    </h3>

                                                                    </div>
                                <div class="product-type">
                                    <a href="/pecivo/bezlepkove-pecivo" class="product-type-image">
                                        <img data-src="https://cdn.kosik.cz/content/category/svg/menu/1027.svg" alt="Bezlepkové pečivo">
                                    </a>
                                    <h3>
                                        <a class="children" href="/pecivo/bezlepkove-pecivo">
                                            Bezlepkové pečivo
                                        </a>
                                    </h3>

                                                                    </div>
                            </div>
                        </div>
                    </div>
                </li>
                <li class="sub with-children"
                    data-open="false">
                    <a href="/uzeniny-a-lahudky">
                        Uzeniny a lahůdky
                    </a>
                        <span class="category-toggle-sub mobile-small-nav-show"
                              onclick="this.parentNode.classList.toggle('open')">
							<i class="fa fa-angle-down" aria-hidden="true"></i>
						</span>
                    <div class="block block-droped-category">
                        <div class="block-droped-category-inner">
                            <div class="category-product-list">

                                                                <div class="product-type">
                                    <a href="/uzeniny-a-lahudky/uzeniny" class="product-type-image">
                                        <img data-src="https://cdn.kosik.cz/content/category/svg/menu/1047.svg" alt="Uzeniny">
                                    </a>
                                    <h3>
                                        <a class="children" href="/uzeniny-a-lahudky/uzeniny">
                                            Uzeniny
                                        </a>
                                    </h3>

                                                                        <div class="categories-container">

                                                <a href="/uzeniny-a-lahudky/uzeniny/sunky">
                                                    Šunky,
                                                </a>

                                                <a href="/uzeniny-a-lahudky/uzeniny/salamy">
                                                    Salámy,
                                                </a>

                                                <a href="/uzeniny-a-lahudky/uzeniny/parky-a-spekacky">
                                                    Párky a špekáčky,
                                                </a>

                                                <a href="/uzeniny-a-lahudky/uzeniny/klobasy">
                                                    Klobásy,
                                                </a>

                                                <a href="/uzeniny-a-lahudky/uzeniny/uzena-masa">
                                                    Uzená  masa,
                                                </a>





                                        <a href="/uzeniny-a-lahudky/uzeniny">...</a>
                                    </div>
                                </div>
                                <div class="product-type">
                                    <a href="/uzeniny-a-lahudky/lahudky" class="product-type-image">
                                        <img data-src="https://cdn.kosik.cz/content/category/svg/menu/1062.svg" alt="Lahůdky">
                                    </a>
                                    <h3>
                                        <a class="children" href="/uzeniny-a-lahudky/lahudky">
                                            Lahůdky
                                        </a>
                                    </h3>

                                                                        <div class="categories-container">

                                                <a href="/uzeniny-a-lahudky/lahudky/hotova-jidla">
                                                    Hotová jídla,
                                                </a>

                                                <a href="/uzeniny-a-lahudky/lahudky/hotova-testa">
                                                    Hotová těsta,
                                                </a>


                                                <a href="/uzeniny-a-lahudky/lahudky/chlazene-pastiky">
                                                    Chlazené paštiky,
                                                </a>


                                                <a href="/uzeniny-a-lahudky/lahudky/rybi-speciality">
                                                    Rybí speciality,
                                                </a>



                                        <a href="/uzeniny-a-lahudky/lahudky">...</a>
                                    </div>
                                </div>
                            </div>
                        </div>
                    </div>
                </li>
                <li class="sub with-children"
                    data-open="false">
                    <a href="/mrazene">
                        Mražené
                    </a>
                        <span class="category-toggle-sub mobile-small-nav-show"
                              onclick="this.parentNode.classList.toggle('open')">
							<i class="fa fa-angle-down" aria-hidden="true"></i>
						</span>
                    <div class="block block-droped-category">
                        <div class="block-droped-category-inner">
                            <div class="category-product-list">

                                                                <div class="product-type">
                                    <a href="/mrazene/hotova-jidla" class="product-type-image">
                                        <img data-src="https://cdn.kosik.cz/content/category/svg/menu/1084.svg" alt="Hotová jídla">
                                    </a>
                                    <h3>
                                        <a class="children" href="/mrazene/hotova-jidla">
                                            Hotová jídla
                                        </a>
                                    </h3>

                                                                        <div class="categories-container">

                                                <a href="/mrazene/hotova-jidla/hlavni-jidla">
                                                    Hlavní jídla,
                                                </a>

                                                <a href="/mrazene/hotova-jidla/bezmasa-jidla">
                                                    Bezmasá jídla,
                                                </a>

                                                <a href="/mrazene/hotova-jidla/pizza">
                                                    Pizza,
                                                </a>

                                                <a href="/mrazene/hotova-jidla/obalovana">
                                                    Obalovaná,
                                                </a>

                                                <a href="/mrazene/hotova-jidla/ostatni">
                                                    Ostatní,
                                                </a>
                                        <a href="/mrazene/hotova-jidla">...</a>
                                    </div>
                                </div>
                                <div class="product-type">
                                    <a href="/mrazene/hranolky-a-krokety" class="product-type-image">
                                        <img data-src="https://cdn.kosik.cz/content/category/svg/menu/1089.svg" alt="Hranolky a krokety">
                                    </a>
                                    <h3>
                                        <a class="children" href="/mrazene/hranolky-a-krokety">
                                            Hranolky a krokety
                                        </a>
                                    </h3>

                                                                        <div class="categories-container">

                                                <a href="/mrazene/hranolky-a-krokety/hranolky">
                                                    Hranolky,
                                                </a>

                                                <a href="/mrazene/hranolky-a-krokety/krokety">
                                                    Krokety,
                                                </a>

                                                <a href="/mrazene/hranolky-a-krokety/zeleninove-hranolky">
                                                    Zeleninové hranolky,
                                                </a>

                                                <a href="/mrazene/hranolky-a-krokety/do-trouby">
                                                    Do trouby,
                                                </a>

                                        <a href="/mrazene/hranolky-a-krokety">...</a>
                                    </div>
                                </div>
                                <div class="product-type">
                                    <a href="/mrazene/zelenina-a-ovoce" class="product-type-image">
                                        <img data-src="https://cdn.kosik.cz/content/category/svg/menu/1097.svg" alt="Zelenina a ovoce">
                                    </a>
                                    <h3>
                                        <a class="children" href="/mrazene/zelenina-a-ovoce">
                                            Zelenina a ovoce
                                        </a>
                                    </h3>

                                                                        <div class="categories-container">

                                                <a href="/mrazene/zelenina-a-ovoce/spenat">
                                                    Špenát,
                                                </a>

                                                <a href="/mrazene/zelenina-a-ovoce/zelenina-jednodruhova">
                                                    Zelenina jednodruhová,
                                                </a>

                                                <a href="/mrazene/zelenina-a-ovoce/zeleninove-smesi">
                                                    Zeleninové směsi,
                                                </a>


                                                <a href="/mrazene/zelenina-a-ovoce/ovocne-smesi">
                                                    Ovocné směsi,
                                                </a>


                                        <a href="/mrazene/zelenina-a-ovoce">...</a>
                                    </div>
                                </div>
                                <div class="product-type">
                                    <a href="/mrazene/mrazene-maso-drubez-a-ryby" class="product-type-image">
                                        <img data-src="https://cdn.kosik.cz/content/category/svg/menu/1091.svg" alt="Mražené maso, drůbež a ryby">
                                    </a>
                                    <h3>
                                        <a class="children" href="/mrazene/mrazene-maso-drubez-a-ryby">
                                            Mražené maso, drůbež a ryby
                                        </a>
                                    </h3>

                                                                        <div class="categories-container">

                                                <a href="/mrazene/mrazene-maso-drubez-a-ryby/mrazena-drubez">
                                                    Mražená drůbež,
                                                </a>

                                                <a href="/mrazene/mrazene-maso-drubez-a-ryby/mrazene-maso">
                                                    Mražené maso,
                                                </a>

                                                <a href="/mrazene/mrazene-maso-drubez-a-ryby/mrazene-ryby">
                                                    Mražené ryby,
                                                </a>

                                        <a href="/mrazene/mrazene-maso-drubez-a-ryby">...</a>
                                    </div>
                                </div>
                                <div class="product-type">
                                    <a href="/mrazene/mrazene-pecivo-a-testo" class="product-type-image">
                                        <img data-src="https://cdn.kosik.cz/content/category/svg/menu/1096.svg" alt="Mražené pečivo a těsto">
                                    </a>
                                    <h3>
                                        <a class="children" href="/mrazene/mrazene-pecivo-a-testo">
                                            Mražené pečivo a těsto
                                        </a>
                                    </h3>

                                                                        <div class="categories-container">

                                                <a href="/mrazene/mrazene-pecivo-a-testo/pecivo-slane">
                                                    Pečivo slané,
                                                </a>

                                                <a href="/mrazene/mrazene-pecivo-a-testo/pecivo-sladke">
                                                    Pečivo sladké,
                                                </a>

                                                <a href="/mrazene/mrazene-pecivo-a-testo/testa">
                                                    Těsta,
                                                </a>
                                        <a href="/mrazene/mrazene-pecivo-a-testo">...</a>
                                    </div>
                                </div>
                                <div class="product-type">
                                    <a href="/mrazene/kolace-a-dorty" class="product-type-image">
                                        <img data-src="https://cdn.kosik.cz/content/category/svg/menu/1090.svg" alt="Koláče a dorty">
                                    </a>
                                    <h3>
                                        <a class="children" href="/mrazene/kolace-a-dorty">
                                            Koláče a dorty
                                        </a>
                                    </h3>

                                                                        <div class="categories-container">

                                                <a href="/mrazene/kolace-a-dorty/tvarohove">
                                                    Tvarohové,
                                                </a>

                                                <a href="/mrazene/kolace-a-dorty/ovocne">
                                                    Ovocné,
                                                </a>

                                                <a href="/mrazene/kolace-a-dorty/cokoladove">
                                                    Čokoládové,
                                                </a>
                                        <a href="/mrazene/kolace-a-dorty">...</a>
                                    </div>
                                </div>
                                <div class="product-type">
                                    <a href="/mrazene/zmrzliny" class="product-type-image">
                                        <img data-src="https://cdn.kosik.cz/content/category/svg/menu/1102.svg" alt="Zmrzliny">
                                    </a>
                                    <h3>
                                        <a class="children" href="/mrazene/zmrzliny">
                                            Zmrzliny
                                        </a>
                                    </h3>

                                                                        <div class="categories-container">

                                                <a href="/mrazene/zmrzliny/nanuky-a-kornouty">
                                                    Nanuky a kornouty,
                                                </a>

                                                <a href="/mrazene/zmrzliny/vanicky">
                                                    Vaničky,
                                                </a>

                                                <a href="/mrazene/zmrzliny/sorbet">
                                                    Sorbet,
                                                </a>
                                        <a href="/mrazene/zmrzliny">...</a>
                                    </div>
                                </div>
                            </div>
                        </div>
                    </div>
                </li>
                <li class="sub with-children"
                    data-open="false">
                    <a href="/napoje">
                        Nápoje
                    </a>
                        <span class="category-toggle-sub mobile-small-nav-show"
                              onclick="this.parentNode.classList.toggle('open')">
							<i class="fa fa-angle-down" aria-hidden="true"></i>
						</span>
                    <div class="block block-droped-category">
                        <div class="block-droped-category-inner">
                            <div class="category-product-list">

                                                                <div class="product-type">
                                    <a href="/napoje/poctive-piti" class="product-type-image">
                                        <img data-src="https://cdn.kosik.cz/content/category/svg/menu/1929.svg" alt="Poctivé pití">
                                    </a>
                                    <h3>
                                        <a class="children" href="/napoje/poctive-piti">
                                            Poctivé pití
                                        </a>
                                    </h3>

                                                                        <div class="categories-container">

                                                <a href="/napoje/poctive-piti/pivo-a-cider">
                                                    Pivo a cider,
                                                </a>

                                                <a href="/napoje/poctive-piti/limonady">
                                                    Limonády,
                                                </a>

                                                <a href="/napoje/poctive-piti/sirupy">
                                                    Sirupy,
                                                </a>

                                                <a href="/napoje/poctive-piti/mosty">
                                                    Mošty,
                                                </a>

                                                <a href="/napoje/poctive-piti/darkova-baleni">
                                                    Dárková balení,
                                                </a>
                                        <a href="/napoje/poctive-piti">...</a>
                                    </div>
                                </div>
                                <div class="product-type">
                                    <a href="/napoje/mineralni-a-pramenite" class="product-type-image">
                                        <img data-src="https://cdn.kosik.cz/content/category/svg/menu/1180.svg" alt="Minerální a pramenité">
                                    </a>
                                    <h3>
                                        <a class="children" href="/napoje/mineralni-a-pramenite">
                                            Minerální a pramenité
                                        </a>
                                    </h3>

                                                                        <div class="categories-container">

                                                <a href="/napoje/mineralni-a-pramenite/mineralni">
                                                    Minerální,
                                                </a>

                                                <a href="/napoje/mineralni-a-pramenite/pramenite">
                                                    Pramenité,
                                                </a>
                                        <a href="/napoje/mineralni-a-pramenite">...</a>
                                    </div>
                                </div>
                                <div class="product-type">
                                    <a href="/napoje/dzusy-a-detske" class="product-type-image">
                                        <img data-src="https://cdn.kosik.cz/content/category/svg/menu/1152.svg" alt="Džusy a dětské">
                                    </a>
                                    <h3>
                                        <a class="children" href="/napoje/dzusy-a-detske">
                                            Džusy a dětské
                                        </a>
                                    </h3>

                                                                        <div class="categories-container">

                                                <a href="/napoje/dzusy-a-detske/100-dzusy">
                                                    100% džusy,
                                                </a>

                                                <a href="/napoje/dzusy-a-detske/cerstve-dzusy">
                                                    Čerstvé džusy,
                                                </a>

                                                <a href="/napoje/dzusy-a-detske/mosty-a-100-stavy">
                                                    Mošty a 100% šťávy,
                                                </a>

                                                <a href="/napoje/dzusy-a-detske/nektary">
                                                    Nektary,
                                                </a>


                                        <a href="/napoje/dzusy-a-detske">...</a>
                                    </div>
                                </div>
                                <div class="product-type">
                                    <a href="/napoje/limonady-a-ledove-caje" class="product-type-image">
                                        <img data-src="https://cdn.kosik.cz/content/category/svg/menu/1171.svg" alt="Limonády a ledové čaje">
                                    </a>
                                    <h3>
                                        <a class="children" href="/napoje/limonady-a-ledove-caje">
                                            Limonády a ledové čaje
                                        </a>
                                    </h3>

                                                                        <div class="categories-container">

                                                <a href="/napoje/limonady-a-ledove-caje/limonady">
                                                    Limonády,
                                                </a>

                                                <a href="/napoje/limonady-a-ledove-caje/ledove-caje">
                                                    Ledové čaje,
                                                </a>
                                        <a href="/napoje/limonady-a-ledove-caje">...</a>
                                    </div>
                                </div>
                                <div class="product-type">
                                    <a href="/napoje/sirupy-a-koncentraty" class="product-type-image">
                                        <img data-src="https://cdn.kosik.cz/content/category/svg/menu/1207.svg" alt="Sirupy a koncentráty">
                                    </a>
                                    <h3>
                                        <a class="children" href="/napoje/sirupy-a-koncentraty">
                                            Sirupy a koncentráty
                                        </a>
                                    </h3>

                                                                        <div class="categories-container">

                                                <a href="/napoje/sirupy-a-koncentraty/sirupy">
                                                    Sirupy,
                                                </a>

                                                <a href="/napoje/sirupy-a-koncentraty/koncentraty">
                                                    Koncentráty,
                                                </a>

                                                <a href="/napoje/sirupy-a-koncentraty/barmanske-sirupy">
                                                    Barmanské sirupy,
                                                </a>
                                        <a href="/napoje/sirupy-a-koncentraty">...</a>
                                    </div>
                                </div>
                                <div class="product-type">
                                    <a href="/napoje/energy-drinky-iontove" class="product-type-image">
                                        <img data-src="https://cdn.kosik.cz/content/category/svg/menu/1159.svg" alt="Energy drinky, iontové">
                                    </a>
                                    <h3>
                                        <a class="children" href="/napoje/energy-drinky-iontove">
                                            Energy drinky, iontové
                                        </a>
                                    </h3>

                                                                    </div>
                                <div class="product-type">
                                    <a href="/napoje/caj-kava-a-ledova-kava" class="product-type-image">
                                        <img data-src="https://cdn.kosik.cz/content/category/svg/menu/1132.svg" alt="Čaj, káva a ledová káva">
                                    </a>
                                    <h3>
                                        <a class="children" href="/napoje/caj-kava-a-ledova-kava">
                                            Čaj, káva a ledová káva
                                        </a>
                                    </h3>

                                                                        <div class="categories-container">

                                                <a href="/napoje/caj-kava-a-ledova-kava/caj">
                                                    Čaj,
                                                </a>

                                                <a href="/napoje/caj-kava-a-ledova-kava/kava">
                                                    Káva,
                                                </a>

                                                <a href="/napoje/caj-kava-a-ledova-kava/ledova-kava">
                                                    Ledová káva,
                                                </a>
                                        <a href="/napoje/caj-kava-a-ledova-kava">...</a>
                                    </div>
                                </div>
                                <div class="product-type">
                                    <a href="/napoje/kakaa-cokolady-a-rozpustne" class="product-type-image">
                                        <img data-src="https://cdn.kosik.cz/content/category/svg/menu/1162.svg" alt="Kakaa, čokolády a rozpustné">
                                    </a>
                                    <h3>
                                        <a class="children" href="/napoje/kakaa-cokolady-a-rozpustne">
                                            Kakaa, čokolády a rozpustné
                                        </a>
                                    </h3>

                                                                        <div class="categories-container">


                                                <a href="/napoje/kakaa-cokolady-a-rozpustne/instantni-napoje">
                                                    Instantní nápoje,
                                                </a>

                                                <a href="/napoje/kakaa-cokolady-a-rozpustne/rozpustne-kavoviny">
                                                    Rozpustné kávoviny,
                                                </a>
                                        <a href="/napoje/kakaa-cokolady-a-rozpustne">...</a>
                                    </div>
                                </div>
                                <div class="product-type">
                                    <a href="/napoje/pivo" class="product-type-image">
                                        <img data-src="https://cdn.kosik.cz/content/category/svg/menu/1188.svg" alt="Pivo">
                                    </a>
                                    <h3>
                                        <a class="children" href="/napoje/pivo">
                                            Pivo
                                        </a>
                                    </h3>

                                                                        <div class="categories-container">

                                                <a href="/napoje/pivo/vycepni">
                                                    Výčepní,
                                                </a>

                                                <a href="/napoje/pivo/lezak">
                                                    Ležák,
                                                </a>

                                                <a href="/napoje/pivo/nealko">
                                                    Nealko,
                                                </a>

                                                <a href="/napoje/pivo/ale">
                                                    Ale,
                                                </a>

                                                <a href="/napoje/pivo/ochucene">
                                                    Ochucené,
                                                </a>

                                                <a href="/napoje/pivo/cider">
                                                    Cider,
                                                </a>

                                                <a href="/napoje/pivo/tmave">
                                                    Tmavé,
                                                </a>

                                                <a href="/napoje/pivo/psenicne">
                                                    Pšeničné,
                                                </a>



                                                <a href="/napoje/pivo/sudove">
                                                    Sudové,
                                                </a>


                                        <a href="/napoje/pivo">...</a>
                                    </div>
                                </div>
                                <div class="product-type">
                                    <a href="/napoje/vina" class="product-type-image">
                                        <img data-src="https://cdn.kosik.cz/content/category/svg/menu/1119.svg" alt="Vína">
                                    </a>
                                    <h3>
                                        <a class="children" href="/napoje/vina">
                                            Vína
                                        </a>
                                    </h3>

                                                                        <div class="categories-container">

                                                <a href="/napoje/vina/bila">
                                                    Bílá,
                                                </a>

                                                <a href="/napoje/vina/cervena">
                                                    Červená,
                                                </a>

                                                <a href="/napoje/vina/ruzova">
                                                    Řůžová,
                                                </a>

                                                <a href="/napoje/vina/sumiva-a-sampanske">
                                                    Šumivá a šampaňské,
                                                </a>
                                        <a href="/napoje/vina">...</a>
                                    </div>
                                </div>
                                <div class="product-type">
                                    <a href="/napoje/lihoviny" class="product-type-image">
                                        <img data-src="https://cdn.kosik.cz/content/category/svg/menu/1108.svg" alt="Lihoviny">
                                    </a>
                                    <h3>
                                        <a class="children" href="/napoje/lihoviny">
                                            Lihoviny
                                        </a>
                                    </h3>

                                                                        <div class="categories-container">

                                                <a href="/napoje/lihoviny/aperitivy">
                                                    Aperitivy,
                                                </a>

                                                <a href="/napoje/lihoviny/brandy-a-konak">
                                                    Brandy a koňak,
                                                </a>

                                                <a href="/napoje/lihoviny/gin-a-absinth">
                                                    Gin a absinth,
                                                </a>

                                                <a href="/napoje/lihoviny/rum">
                                                    Rum,
                                                </a>

                                                <a href="/napoje/lihoviny/vodka">
                                                    Vodka,
                                                </a>

                                                <a href="/napoje/lihoviny/whisky-a-bourbon">
                                                    Whisky a bourbon,
                                                </a>



                                        <a href="/napoje/lihoviny">...</a>
                                    </div>
                                </div>
                            </div>
                        </div>
                    </div>
                </li>
                <li class="sub with-children"
                    data-open="false">
                    <a href="/trvanlive">
                        Trvanlivé
                    </a>
                        <span class="category-toggle-sub mobile-small-nav-show"
                              onclick="this.parentNode.classList.toggle('open')">
							<i class="fa fa-angle-down" aria-hidden="true"></i>
						</span>
                    <div class="block block-droped-category">
                        <div class="block-droped-category-inner">
                            <div class="category-product-list">

                                                                <div class="product-type">
                                    <a href="/trvanlive/ocet-olej-cukr-sul-a-mouka" class="product-type-image">
                                        <img data-src="https://cdn.kosik.cz/content/category/svg/menu/1270.svg" alt="Ocet, olej, cukr, sůl a mouka">
                                    </a>
                                    <h3>
                                        <a class="children" href="/trvanlive/ocet-olej-cukr-sul-a-mouka">
                                            Ocet, olej, cukr, sůl a mouka
                                        </a>
                                    </h3>

                                                                        <div class="categories-container">

                                                <a href="/trvanlive/ocet-olej-cukr-sul-a-mouka/mouka">
                                                    Mouka,
                                                </a>

                                                <a href="/trvanlive/ocet-olej-cukr-sul-a-mouka/ocet">
                                                    Ocet,
                                                </a>

                                                <a href="/trvanlive/ocet-olej-cukr-sul-a-mouka/olej">
                                                    Olej,
                                                </a>

                                                <a href="/trvanlive/ocet-olej-cukr-sul-a-mouka/cukr">
                                                    Cukr,
                                                </a>

                                                <a href="/trvanlive/ocet-olej-cukr-sul-a-mouka/sul">
                                                    Sůl,
                                                </a>
                                        <a href="/trvanlive/ocet-olej-cukr-sul-a-mouka">...</a>
                                    </div>
                                </div>
                                <div class="product-type">
                                    <a href="/trvanlive/sladkosti" class="product-type-image">
                                        <img data-src="https://cdn.kosik.cz/content/category/svg/menu/1326.svg" alt="Sladkosti">
                                    </a>
                                    <h3>
                                        <a class="children" href="/trvanlive/sladkosti">
                                            Sladkosti
                                        </a>
                                    </h3>

                                                                        <div class="categories-container">

                                                <a href="/trvanlive/sladkosti/tabulkove-cokolady">
                                                    Tabulkové čokolády,
                                                </a>

                                                <a href="/trvanlive/sladkosti/cokoladove-tycinky">
                                                    Čokoládové tyčinky,
                                                </a>

                                                <a href="/trvanlive/sladkosti/bonboniery">
                                                    Bonboniéry,
                                                </a>




                                        <a href="/trvanlive/sladkosti">...</a>
                                    </div>
                                </div>
                                <div class="product-type">
                                    <a href="/trvanlive/ryze-lusteniny-testoviny-a-soja" class="product-type-image">
                                        <img data-src="https://cdn.kosik.cz/content/category/svg/menu/1295.svg" alt="Rýže, luštěniny, těstoviny a sója">
                                    </a>
                                    <h3>
                                        <a class="children" href="/trvanlive/ryze-lusteniny-testoviny-a-soja">
                                            Rýže, luštěniny, těstoviny a sója
                                        </a>
                                    </h3>

                                                                        <div class="categories-container">

                                                <a href="/trvanlive/ryze-lusteniny-testoviny-a-soja/ryze">
                                                    Rýže,
                                                </a>

                                                <a href="/trvanlive/ryze-lusteniny-testoviny-a-soja/lusteniny">
                                                    Luštěniny,
                                                </a>

                                                <a href="/trvanlive/ryze-lusteniny-testoviny-a-soja/testoviny">
                                                    Těstoviny,
                                                </a>
                                        <a href="/trvanlive/ryze-lusteniny-testoviny-a-soja">...</a>
                                    </div>
                                </div>
                                <div class="product-type">
                                    <a href="/trvanlive/slane" class="product-type-image">
                                        <img data-src="https://cdn.kosik.cz/content/category/svg/menu/1319.svg" alt="Slané">
                                    </a>
                                    <h3>
                                        <a class="children" href="/trvanlive/slane">
                                            Slané
                                        </a>
                                    </h3>

                                                                        <div class="categories-container">

                                                <a href="/trvanlive/slane/chipsy">
                                                    Chipsy,
                                                </a>

                                                <a href="/trvanlive/slane/krekry">
                                                    Krekry,
                                                </a>

                                                <a href="/trvanlive/slane/orisky-a-popcorn">
                                                    Oříšky a popcorn,
                                                </a>

                                                <a href="/trvanlive/slane/snacky">
                                                    Snacky,
                                                </a>
                                        <a href="/trvanlive/slane">...</a>
                                    </div>
                                </div>
                                <div class="product-type">
                                    <a href="/trvanlive/kecupy-horcice-kreny-a-protlaky" class="product-type-image">
                                        <img data-src="https://cdn.kosik.cz/content/category/svg/menu/1233.svg" alt="Kečupy, hořčice, křeny a protlaky">
                                    </a>
                                    <h3>
                                        <a class="children" href="/trvanlive/kecupy-horcice-kreny-a-protlaky">
                                            Kečupy, hořčice, křeny a protlaky
                                        </a>
                                    </h3>

                                                                        <div class="categories-container">

                                                <a href="/trvanlive/kecupy-horcice-kreny-a-protlaky/kecupy">
                                                    Kečupy,
                                                </a>

                                                <a href="/trvanlive/kecupy-horcice-kreny-a-protlaky/horcice">
                                                    Hořčice,
                                                </a>

                                                <a href="/trvanlive/kecupy-horcice-kreny-a-protlaky/kreny">
                                                    Křeny,
                                                </a>

                                                <a href="/trvanlive/kecupy-horcice-kreny-a-protlaky/protlaky">
                                                    Protlaky,
                                                </a>
                                        <a href="/trvanlive/kecupy-horcice-kreny-a-protlaky">...</a>
                                    </div>
                                </div>
                                <div class="product-type">
                                    <a href="/trvanlive/konzervovane-potraviny" class="product-type-image">
                                        <img data-src="https://cdn.kosik.cz/content/category/svg/menu/1238.svg" alt="Konzervované potraviny">
                                    </a>
                                    <h3>
                                        <a class="children" href="/trvanlive/konzervovane-potraviny">
                                            Konzervované potraviny
                                        </a>
                                    </h3>

                                                                        <div class="categories-container">

                                                <a href="/trvanlive/konzervovane-potraviny/zelenina">
                                                    Zelenina,
                                                </a>

                                                <a href="/trvanlive/konzervovane-potraviny/ovoce">
                                                    Ovoce,
                                                </a>

                                                <a href="/trvanlive/konzervovane-potraviny/maso-a-hotova-jidla">
                                                    Maso a hotová jídla,
                                                </a>

                                                <a href="/trvanlive/konzervovane-potraviny/pastiky">
                                                    Paštiky,
                                                </a>

                                                <a href="/trvanlive/konzervovane-potraviny/pomazanky">
                                                    Pomazánky,
                                                </a>

                                                <a href="/trvanlive/konzervovane-potraviny/ryby">
                                                    Ryby,
                                                </a>
                                        <a href="/trvanlive/konzervovane-potraviny">...</a>
                                    </div>
                                </div>
                                <div class="product-type">
                                    <a href="/trvanlive/mikulas-a-vanoce" class="product-type-image">
                                        <img data-src="https://cdn.kosik.cz/content/category/svg/menu/1318.svg" alt="Mikuláš a Vánoce">
                                    </a>
                                    <h3>
                                        <a class="children" href="/trvanlive/mikulas-a-vanoce">
                                            Mikuláš a Vánoce
                                        </a>
                                    </h3>

                                                                        <div class="categories-container">

                                                <a href="/trvanlive/mikulas-a-vanoce/vanocni-kolekce">
                                                    Vánoční kolekce,
                                                </a>

                                                <a href="/trvanlive/mikulas-a-vanoce/adventni-kalendare">
                                                    Adventní kalendáře,
                                                </a>

                                                <a href="/trvanlive/mikulas-a-vanoce/bonbony-a-cokolady">
                                                    Bonbóny a čokolády,
                                                </a>

                                        <a href="/trvanlive/mikulas-a-vanoce">...</a>
                                    </div>
                                </div>
                                <div class="product-type">
                                    <a href="/trvanlive/koreni-bujony-ochucovadla" class="product-type-image">
                                        <img data-src="https://cdn.kosik.cz/content/category/svg/menu/1266.svg" alt="Koření, bujóny, ochucovadla">
                                    </a>
                                    <h3>
                                        <a class="children" href="/trvanlive/koreni-bujony-ochucovadla">
                                            Koření, bujóny, ochucovadla
                                        </a>
                                    </h3>

                                                                        <div class="categories-container">

                                                <a href="/trvanlive/koreni-bujony-ochucovadla/koreni">
                                                    Koření,
                                                </a>

                                                <a href="/trvanlive/koreni-bujony-ochucovadla/bujony">
                                                    Bujóny,
                                                </a>

                                                <a href="/trvanlive/koreni-bujony-ochucovadla/ochucovadla">
                                                    Ochucovadla,
                                                </a>
                                        <a href="/trvanlive/koreni-bujony-ochucovadla">...</a>
                                    </div>
                                </div>
                                <div class="product-type">
                                    <a href="/trvanlive/prisady-na-vareni-a-peceni" class="product-type-image">
                                        <img data-src="https://cdn.kosik.cz/content/category/svg/menu/1280.svg" alt="Přísady na vaření a pečení">
                                    </a>
                                    <h3>
                                        <a class="children" href="/trvanlive/prisady-na-vareni-a-peceni">
                                            Přísady na vaření a pečení
                                        </a>
                                    </h3>

                                                                        <div class="categories-container">

                                                <a href="/trvanlive/prisady-na-vareni-a-peceni/prisady-na-peceni">
                                                    Přísady na pečení,
                                                </a>

                                                <a href="/trvanlive/prisady-na-vareni-a-peceni/omacky-v-prasku">
                                                    Omáčky v prášku,
                                                </a>

                                                <a href="/trvanlive/prisady-na-vareni-a-peceni/sladke-smesi">
                                                    Sladké směsi,
                                                </a>

                                                <a href="/trvanlive/prisady-na-vareni-a-peceni/pudinky">
                                                    Pudinky,
                                                </a>




                                        <a href="/trvanlive/prisady-na-vareni-a-peceni">...</a>
                                    </div>
                                </div>
                                <div class="product-type">
                                    <a href="/trvanlive/superfood" class="product-type-image">
                                        <img data-src="https://cdn.kosik.cz/content/category/svg/menu/1313.svg" alt="Superfood">
                                    </a>
                                    <h3>
                                        <a class="children" href="/trvanlive/superfood">
                                            Superfood
                                        </a>
                                    </h3>

                                                                        <div class="categories-container">

                                                <a href="/trvanlive/superfood/snidanove-smesi">
                                                    Snídaňové směsi,
                                                </a>


                                        <a href="/trvanlive/superfood">...</a>
                                    </div>
                                </div>
                                <div class="product-type">
                                    <a href="/trvanlive/dresingy-a-omacky" class="product-type-image">
                                        <img data-src="https://cdn.kosik.cz/content/category/svg/menu/1222.svg" alt="Dresingy a omáčky">
                                    </a>
                                    <h3>
                                        <a class="children" href="/trvanlive/dresingy-a-omacky">
                                            Dresingy a omáčky
                                        </a>
                                    </h3>

                                                                        <div class="categories-container">

                                                <a href="/trvanlive/dresingy-a-omacky/dresingy">
                                                    Dresingy,
                                                </a>

                                                <a href="/trvanlive/dresingy-a-omacky/omacky">
                                                    Omáčky,
                                                </a>
                                        <a href="/trvanlive/dresingy-a-omacky">...</a>
                                    </div>
                                </div>
                                <div class="product-type">
                                    <a href="/trvanlive/cerealie-a-musli" class="product-type-image">
                                        <img data-src="https://cdn.kosik.cz/content/category/svg/menu/1212.svg" alt="Cereálie a musli">
                                    </a>
                                    <h3>
                                        <a class="children" href="/trvanlive/cerealie-a-musli">
                                            Cereálie a musli
                                        </a>
                                    </h3>

                                                                        <div class="categories-container">


                                                <a href="/trvanlive/cerealie-a-musli/musli-a-ovesne-kase">
                                                    Musli a ovesné kaše,
                                                </a>

                                                <a href="/trvanlive/cerealie-a-musli/tycinky">
                                                    Tyčinky,
                                                </a>
                                        <a href="/trvanlive/cerealie-a-musli">...</a>
                                    </div>
                                </div>
                                <div class="product-type">
                                    <a href="/trvanlive/dzemy-medy-a-cokokremy" class="product-type-image">
                                        <img data-src="https://cdn.kosik.cz/content/category/svg/menu/1225.svg" alt="Džemy, medy a čokokrémy">
                                    </a>
                                    <h3>
                                        <a class="children" href="/trvanlive/dzemy-medy-a-cokokremy">
                                            Džemy, medy a čokokrémy
                                        </a>
                                    </h3>

                                                                        <div class="categories-container">

                                                <a href="/trvanlive/dzemy-medy-a-cokokremy/dzemy">
                                                    Džemy,
                                                </a>

                                                <a href="/trvanlive/dzemy-medy-a-cokokremy/medy">
                                                    Medy,
                                                </a>

                                                <a href="/trvanlive/dzemy-medy-a-cokokremy/cokokremy">
                                                    Čokokrémy,
                                                </a>

                                                <a href="/trvanlive/dzemy-medy-a-cokokremy/burakove-maslo">
                                                    Burákové máslo,
                                                </a>
                                        <a href="/trvanlive/dzemy-medy-a-cokokremy">...</a>
                                    </div>
                                </div>
                                <div class="product-type">
                                    <a href="/trvanlive/instantni-jidla-a-polevky" class="product-type-image">
                                        <img data-src="https://cdn.kosik.cz/content/category/svg/menu/1230.svg" alt="Instantní jídla a polévky">
                                    </a>
                                    <h3>
                                        <a class="children" href="/trvanlive/instantni-jidla-a-polevky">
                                            Instantní jídla a polévky
                                        </a>
                                    </h3>

                                                                        <div class="categories-container">

                                                <a href="/trvanlive/instantni-jidla-a-polevky/instantni-jidla">
                                                    Instantní jídla,
                                                </a>

                                                <a href="/trvanlive/instantni-jidla-a-polevky/instantni-polevky">
                                                    Instantní polévky,
                                                </a>
                                        <a href="/trvanlive/instantni-jidla-a-polevky">...</a>
                                    </div>
                                </div>
                                <div class="product-type">
                                    <a href="/trvanlive/mezinarodni-kuchyne" class="product-type-image">
                                        <img data-src="https://cdn.kosik.cz/content/category/svg/menu/1261.svg" alt="Mezinárodní kuchyně">
                                    </a>
                                    <h3>
                                        <a class="children" href="/trvanlive/mezinarodni-kuchyne">
                                            Mezinárodní kuchyně
                                        </a>
                                    </h3>

                                                                        <div class="categories-container">

                                                <a href="/trvanlive/mezinarodni-kuchyne/asijska">
                                                    Asijská,
                                                </a>

                                                <a href="/trvanlive/mezinarodni-kuchyne/mexicka">
                                                    Mexická,
                                                </a>

                                                <a href="/trvanlive/mezinarodni-kuchyne/stredomorska">
                                                    Středomořská,
                                                </a>

                                                <a href="/trvanlive/mezinarodni-kuchyne/thajska">
                                                    Thajská,
                                                </a>
                                        <a href="/trvanlive/mezinarodni-kuchyne">...</a>
                                    </div>
                                </div>
                            </div>
                        </div>
                    </div>
                </li>
                <li class="sub with-children"
                    data-open="false">
                    <a href="/mazlicci">
                        Mazlíčci
                    </a>
                        <span class="category-toggle-sub mobile-small-nav-show"
                              onclick="this.parentNode.classList.toggle('open')">
							<i class="fa fa-angle-down" aria-hidden="true"></i>
						</span>
                    <div class="block block-droped-category">
                        <div class="block-droped-category-inner">
                            <div class="category-product-list">

                                                                <div class="product-type">
                                    <a href="/mazlicci/kocky" class="product-type-image">
                                        <img data-src="https://cdn.kosik.cz/content/category/svg/menu/1579.svg" alt="Kočky">
                                    </a>
                                    <h3>
                                        <a class="children" href="/mazlicci/kocky">
                                            Kočky
                                        </a>
                                    </h3>

                                                                        <div class="categories-container">


                                                <a href="/mazlicci/kocky/konzervy-pro-kocky">
                                                    Konzervy pro kočky,
                                                </a>

                                                <a href="/mazlicci/kocky/kapsicky-pro-kocky">
                                                    Kapsičky pro kočky,
                                                </a>


                                                <a href="/mazlicci/kocky/hracky-pro-kocky">
                                                    Hračky pro kočky,
                                                </a>

                                                <a href="/mazlicci/kocky/steliva">
                                                    Steliva,
                                                </a>
                                        <a href="/mazlicci/kocky">...</a>
                                    </div>
                                </div>
                                <div class="product-type">
                                    <a href="/mazlicci/psi" class="product-type-image">
                                        <img data-src="https://cdn.kosik.cz/content/category/svg/menu/1580.svg" alt="Psi">
                                    </a>
                                    <h3>
                                        <a class="children" href="/mazlicci/psi">
                                            Psi
                                        </a>
                                    </h3>

                                                                        <div class="categories-container">

                                                <a href="/mazlicci/psi/granule-a-smesi-pro-psy">
                                                    Granule a směsi pro psy,
                                                </a>

                                                <a href="/mazlicci/psi/konzervy-pro-psy">
                                                    Konzervy pro psy,
                                                </a>


                                                <a href="/mazlicci/psi/hracky-a-pleny-pro-psy">
                                                    Hračky a pleny pro psy,
                                                </a>

                                        <a href="/mazlicci/psi">...</a>
                                    </div>
                                </div>
                                <div class="product-type">
                                    <a href="/mazlicci/hlodavci" class="product-type-image">
                                        <img data-src="https://cdn.kosik.cz/content/category/svg/menu/1364.svg" alt="Hlodavci">
                                    </a>
                                    <h3>
                                        <a class="children" href="/mazlicci/hlodavci">
                                            Hlodavci
                                        </a>
                                    </h3>

                                                                        <div class="categories-container">

                                                <a href="/mazlicci/hlodavci/krmiva">
                                                    Krmiva,
                                                </a>

                                                <a href="/mazlicci/hlodavci/steliva">
                                                    Steliva,
                                                </a>
                                        <a href="/mazlicci/hlodavci">...</a>
                                    </div>
                                </div>
                                <div class="product-type">
                                    <a href="/mazlicci/ptactvo" class="product-type-image">
                                        <img data-src="https://cdn.kosik.cz/content/category/svg/menu/1367.svg" alt="Ptactvo">
                                    </a>
                                    <h3>
                                        <a class="children" href="/mazlicci/ptactvo">
                                            Ptactvo
                                        </a>
                                    </h3>

                                                                    </div>
                            </div>
                        </div>
                    </div>
                </li>
                <li class="sub with-children"
                    data-open="false">
                    <a href="/deti">
                        Děti
                    </a>
                        <span class="category-toggle-sub mobile-small-nav-show"
                              onclick="this.parentNode.classList.toggle('open')">
							<i class="fa fa-angle-down" aria-hidden="true"></i>
						</span>
                    <div class="block block-droped-category">
                        <div class="block-droped-category-inner">
                            <div class="category-product-list">

                                                                <div class="product-type">
                                    <a href="/deti/detska-kosmetika" class="product-type-image">
                                        <img data-src="https://cdn.kosik.cz/content/category/svg/menu/1370.svg" alt="Dětská kosmetika">
                                    </a>
                                    <h3>
                                        <a class="children" href="/deti/detska-kosmetika">
                                            Dětská kosmetika
                                        </a>
                                    </h3>

                                                                        <div class="categories-container">


                                                <a href="/deti/detska-kosmetika/detske-kremy-a-oleje">
                                                    Dětské krémy a oleje,
                                                </a>


                                                <a href="/deti/detska-kosmetika/zubni-hygiena">
                                                    Zubní hygiena,
                                                </a>
                                        <a href="/deti/detska-kosmetika">...</a>
                                    </div>
                                </div>
                                <div class="product-type">
                                    <a href="/deti/jednorazove-pleny" class="product-type-image">
                                        <img data-src="https://cdn.kosik.cz/content/category/svg/menu/1592.svg" alt="Jednorázové pleny">
                                    </a>
                                    <h3>
                                        <a class="children" href="/deti/jednorazove-pleny">
                                            Jednorázové pleny
                                        </a>
                                    </h3>

                                                                        <div class="categories-container">

                                                <a href="/deti/jednorazove-pleny/velikost-1">
                                                    Velikost 1,
                                                </a>

                                                <a href="/deti/jednorazove-pleny/velikost-2">
                                                    Velikost 2,
                                                </a>

                                                <a href="/deti/jednorazove-pleny/velikost-3">
                                                    Velikost 3,
                                                </a>

                                                <a href="/deti/jednorazove-pleny/velikost-4">
                                                    Velikost 4,
                                                </a>

                                                <a href="/deti/jednorazove-pleny/velikost-5">
                                                    Velikost 5,
                                                </a>

                                                <a href="/deti/jednorazove-pleny/velikost-6">
                                                    Velikost 6,
                                                </a>
                                        <a href="/deti/jednorazove-pleny">...</a>
                                    </div>
                                </div>
                                <div class="product-type">
                                    <a href="/deti/eko" class="product-type-image">
                                        <img data-src="https://cdn.kosik.cz/content/category/svg/menu/1599.svg" alt="Eko">
                                    </a>
                                    <h3>
                                        <a class="children" href="/deti/eko">
                                            Eko
                                        </a>
                                    </h3>

                                                                        <div class="categories-container">

                                                <a href="/deti/eko/bio-pleny">
                                                    bio pleny,
                                                </a>
                                        <a href="/deti/eko">...</a>
                                    </div>
                                </div>
                                <div class="product-type">
                                    <a href="/deti/latkove-pleny" class="product-type-image">
                                        <img data-src="https://cdn.kosik.cz/content/category/svg/menu/1607.svg" alt="Látkové pleny">
                                    </a>
                                    <h3>
                                        <a class="children" href="/deti/latkove-pleny">
                                            Látkové pleny
                                        </a>
                                    </h3>

                                                                    </div>
                                <div class="product-type">
                                    <a href="/deti/prebalovaci-podlozky-a-vlhcene-ubrousky" class="product-type-image">
                                        <img data-src="https://cdn.kosik.cz/content/category/svg/menu/1608.svg" alt="Přebalovací podložky a vlhčené ubrousky">
                                    </a>
                                    <h3>
                                        <a class="children" href="/deti/prebalovaci-podlozky-a-vlhcene-ubrousky">
                                            Přebalovací podložky a vlhčené ubrousky
                                        </a>
                                    </h3>

                                                                    </div>
                                <div class="product-type">
                                    <a href="/deti/kojenecke-mleko-a-vyziva" class="product-type-image">
                                        <img data-src="https://cdn.kosik.cz/content/category/svg/menu/1609.svg" alt="Kojenecké mléko a výživa">
                                    </a>
                                    <h3>
                                        <a class="children" href="/deti/kojenecke-mleko-a-vyziva">
                                            Kojenecké mléko a výživa
                                        </a>
                                    </h3>

                                                                        <div class="categories-container">

                                                <a href="/deti/kojenecke-mleko-a-vyziva/bio-vyziva">
                                                    BIO výživa,
                                                </a>

                                                <a href="/deti/kojenecke-mleko-a-vyziva/kojenecka-mleka">
                                                    Kojenecká mléka,
                                                </a>

                                                <a href="/deti/kojenecke-mleko-a-vyziva/detske-kase">
                                                    Dětské kaše,
                                                </a>

                                                <a href="/deti/kojenecke-mleko-a-vyziva/kojenecke-prikrmy">
                                                    Kojenecké příkrmy,
                                                </a>

                                        <a href="/deti/kojenecke-mleko-a-vyziva">...</a>
                                    </div>
                                </div>
                                <div class="product-type">
                                    <a href="/deti/kojenecke-vody-a-napoje" class="product-type-image">
                                        <img data-src="https://cdn.kosik.cz/content/category/svg/menu/1619.svg" alt="Kojenecké vody a nápoje">
                                    </a>
                                    <h3>
                                        <a class="children" href="/deti/kojenecke-vody-a-napoje">
                                            Kojenecké vody a nápoje
                                        </a>
                                    </h3>

                                                                        <div class="categories-container">

                                                <a href="/deti/kojenecke-vody-a-napoje/vody">
                                                    Vody,
                                                </a>

                                                <a href="/deti/kojenecke-vody-a-napoje/caje">
                                                    Čaje,
                                                </a>

                                                <a href="/deti/kojenecke-vody-a-napoje/stavy">
                                                    Šťávy,
                                                </a>
                                        <a href="/deti/kojenecke-vody-a-napoje">...</a>
                                    </div>
                                </div>
                                <div class="product-type">
                                    <a href="/deti/hracky" class="product-type-image">
                                        <img data-src="https://cdn.kosik.cz/content/category/svg/menu/1373.svg" alt="Hračky">
                                    </a>
                                    <h3>
                                        <a class="children" href="/deti/hracky">
                                            Hračky
                                        </a>
                                    </h3>

                                                                        <div class="categories-container">

                                                <a href="/deti/hracky/hracky-pro-nejmensi">
                                                    Hračky pro nejmenší,
                                                </a>

                                        <a href="/deti/hracky">...</a>
                                    </div>
                                </div>
                                <div class="product-type">
                                    <a href="/deti/hry" class="product-type-image">
                                        <img data-src="https://cdn.kosik.cz/content/category/svg/menu/1376.svg" alt="Hry">
                                    </a>
                                    <h3>
                                        <a class="children" href="/deti/hry">
                                            Hry
                                        </a>
                                    </h3>

                                                                    </div>
                                <div class="product-type">
                                    <a href="/deti/kojenecke-potreby" class="product-type-image">
                                        <img data-src="https://cdn.kosik.cz/content/category/svg/menu/1377.svg" alt="Kojenecké potřeby">
                                    </a>
                                    <h3>
                                        <a class="children" href="/deti/kojenecke-potreby">
                                            Kojenecké potřeby
                                        </a>
                                    </h3>

                                                                        <div class="categories-container">

                                                <a href="/deti/kojenecke-potreby/lahve-a-dudliky">
                                                    Láhve a dudlíky,
                                                </a>

                                                <a href="/deti/kojenecke-potreby/potreby-na-kocarek">
                                                    Potřeby na kočárek,
                                                </a>

                                                <a href="/deti/kojenecke-potreby/osusky-a-bryndacky">
                                                    Osušky a bryndáčky,
                                                </a>

                                        <a href="/deti/kojenecke-potreby">...</a>
                                    </div>
                                </div>
                                <div class="product-type">
                                    <a href="/deti/tehotenstvi-kojeni" class="product-type-image">
                                        <img data-src="https://cdn.kosik.cz/content/category/svg/menu/1382.svg" alt="Těhotenství, kojení">
                                    </a>
                                    <h3>
                                        <a class="children" href="/deti/tehotenstvi-kojeni">
                                            Těhotenství, kojení
                                        </a>
                                    </h3>

                                                                        <div class="categories-container">

                                                <a href="/deti/tehotenstvi-kojeni/vyziva">
                                                    Výživa,
                                                </a>

                                                <a href="/deti/tehotenstvi-kojeni/napoje-pro-maminky">
                                                    Nápoje pro maminky,
                                                </a>

                                        <a href="/deti/tehotenstvi-kojeni">...</a>
                                    </div>
                                </div>
                                <div class="product-type">
                                    <a href="/deti/potreby-pro-skolaky" class="product-type-image">
                                        <img data-src="https://cdn.kosik.cz/content/category/svg/menu/1386.svg" alt="Potřeby pro školáky">
                                    </a>
                                    <h3>
                                        <a class="children" href="/deti/potreby-pro-skolaky">
                                            Potřeby pro školáky
                                        </a>
                                    </h3>

                                                                        <div class="categories-container">

                                                <a href="/deti/potreby-pro-skolaky/psaci-potreby">
                                                    Psací potřeby,
                                                </a>

                                                <a href="/deti/potreby-pro-skolaky/vytvarne-potreby">
                                                    Výtvarné potřeby,
                                                </a>

                                                <a href="/deti/potreby-pro-skolaky/sacky-na-backurky">
                                                    Sáčky na bačkůrky,
                                                </a>
                                        <a href="/deti/potreby-pro-skolaky">...</a>
                                    </div>
                                </div>
                            </div>
                        </div>
                    </div>
                </li>
                <li class="sub with-children"
                    data-open="false">
                    <a href="/domacnost-a-zahrada">
                        Domácnost a zahrada
                    </a>
                        <span class="category-toggle-sub mobile-small-nav-show"
                              onclick="this.parentNode.classList.toggle('open')">
							<i class="fa fa-angle-down" aria-hidden="true"></i>
						</span>
                    <div class="block block-droped-category">
                        <div class="block-droped-category-inner">
                            <div class="category-product-list">

                                                                <div class="product-type">
                                    <a href="/domacnost-a-zahrada/kuchyne" class="product-type-image">
                                        <img data-src="https://cdn.kosik.cz/content/category/svg/menu/1391.svg" alt="Kuchyně">
                                    </a>
                                    <h3>
                                        <a class="children" href="/domacnost-a-zahrada/kuchyne">
                                            Kuchyně
                                        </a>
                                    </h3>

                                                                        <div class="categories-container">

                                                <a href="/domacnost-a-zahrada/kuchyne/pytle-do-kosu-a-kose">
                                                    Pytle do košů a koše,
                                                </a>

                                                <a href="/domacnost-a-zahrada/kuchyne/stolovani">
                                                    Stolování,
                                                </a>

                                                <a href="/domacnost-a-zahrada/kuchyne/kuchynske-potreby">
                                                    Kuchyňské potřeby,
                                                </a>

                                        <a href="/domacnost-a-zahrada/kuchyne">...</a>
                                    </div>
                                </div>
                                <div class="product-type">
                                    <a href="/domacnost-a-zahrada/vanoce-sezonni-dekorace" class="product-type-image">
                                        <img data-src="https://cdn.kosik.cz/content/category/svg/menu/1451.svg" alt="Vánoce - sezonní dekorace">
                                    </a>
                                    <h3>
                                        <a class="children" href="/domacnost-a-zahrada/vanoce-sezonni-dekorace">
                                            Vánoce - sezonní dekorace
                                        </a>
                                    </h3>

                                                                    </div>
                                <div class="product-type">
                                    <a href="/domacnost-a-zahrada/dum-a-byt" class="product-type-image">
                                        <img data-src="https://cdn.kosik.cz/content/category/svg/menu/1405.svg" alt="Dům a byt">
                                    </a>
                                    <h3>
                                        <a class="children" href="/domacnost-a-zahrada/dum-a-byt">
                                            Dům a byt
                                        </a>
                                    </h3>

                                                                        <div class="categories-container">

                                                <a href="/domacnost-a-zahrada/dum-a-byt/pomucky-k-uklidu">
                                                    Pomůcky k úklidu,
                                                </a>

                                                <a href="/domacnost-a-zahrada/dum-a-byt/domaci-textil">
                                                    Domácí textil,
                                                </a>


                                                <a href="/domacnost-a-zahrada/dum-a-byt/svicky-a-vune">
                                                    Svíčky a vůně,
                                                </a>


                                                <a href="/domacnost-a-zahrada/dum-a-byt/pece-o-obuv">
                                                    Péče o obuv,
                                                </a>

                                        <a href="/domacnost-a-zahrada/dum-a-byt">...</a>
                                    </div>
                                </div>
                                <div class="product-type">
                                    <a href="/domacnost-a-zahrada/kucharky" class="product-type-image">
                                        <img data-src="https://cdn.kosik.cz/content/category/svg/menu/1438.svg" alt="Kuchařky">
                                    </a>
                                    <h3>
                                        <a class="children" href="/domacnost-a-zahrada/kucharky">
                                            Kuchařky
                                        </a>
                                    </h3>

                                                                    </div>
                                <div class="product-type">
                                    <a href="/domacnost-a-zahrada/zahrada" class="product-type-image">
                                        <img data-src="https://cdn.kosik.cz/content/category/svg/menu/1427.svg" alt="Zahrada">
                                    </a>
                                    <h3>
                                        <a class="children" href="/domacnost-a-zahrada/zahrada">
                                            Zahrada
                                        </a>
                                    </h3>

                                                                        <div class="categories-container">



                                                <a href="/domacnost-a-zahrada/zahrada/semena">
                                                    Semena,
                                                </a>

                                                <a href="/domacnost-a-zahrada/zahrada/doplnky">
                                                    Doplňky,
                                                </a>

                                                <a href="/domacnost-a-zahrada/zahrada/bazenova-chemie">
                                                    Bazénová chemie,
                                                </a>
                                        <a href="/domacnost-a-zahrada/zahrada">...</a>
                                    </div>
                                </div>
                                <div class="product-type">
                                    <a href="/domacnost-a-zahrada/grilovani" class="product-type-image">
                                        <img data-src="https://cdn.kosik.cz/content/category/svg/menu/1439.svg" alt="Grilování">
                                    </a>
                                    <h3>
                                        <a class="children" href="/domacnost-a-zahrada/grilovani">
                                            Grilování
                                        </a>
                                    </h3>

                                                                        <div class="categories-container">

                                                <a href="/domacnost-a-zahrada/grilovani/grily">
                                                    Grily,
                                                </a>


                                        <a href="/domacnost-a-zahrada/grilovani">...</a>
                                    </div>
                                </div>
                                <div class="product-type">
                                    <a href="/domacnost-a-zahrada/kancelar" class="product-type-image">
                                        <img data-src="https://cdn.kosik.cz/content/category/svg/menu/1393.svg" alt="Kancelář">
                                    </a>
                                    <h3>
                                        <a class="children" href="/domacnost-a-zahrada/kancelar">
                                            Kancelář
                                        </a>
                                    </h3>

                                                                        <div class="categories-container">

                                                <a href="/domacnost-a-zahrada/kancelar/kancelarske-potreby">
                                                    Kancelářské potřeby,
                                                </a>

                                                <a href="/domacnost-a-zahrada/kancelar/papirnictvi">
                                                    Papírnictví,
                                                </a>

                                                <a href="/domacnost-a-zahrada/kancelar/trideni-archivace">
                                                    Třídění, archivace,
                                                </a>
                                        <a href="/domacnost-a-zahrada/kancelar">...</a>
                                    </div>
                                </div>
                                <div class="product-type">
                                    <a href="/domacnost-a-zahrada/lekarna" class="product-type-image">
                                        <img data-src="https://cdn.kosik.cz/content/category/svg/menu/1398.svg" alt="Lékárna">
                                    </a>
                                    <h3>
                                        <a class="children" href="/domacnost-a-zahrada/lekarna">
                                            Lékárna
                                        </a>
                                    </h3>

                                                                        <div class="categories-container">

                                                <a href="/domacnost-a-zahrada/lekarna/vyziva-a-hubnuti">
                                                    Výživa a hubnutí,
                                                </a>


                                                <a href="/domacnost-a-zahrada/lekarna/vyziva-pro-sportovce">
                                                    Výživa pro sportovce,
                                                </a>

                                                <a href="/domacnost-a-zahrada/lekarna/myti-bez-vody">
                                                    Mytí bez vody,
                                                </a>




                                        <a href="/domacnost-a-zahrada/lekarna">...</a>
                                    </div>
                                </div>
                                <div class="product-type">
                                    <a href="/domacnost-a-zahrada/fitness" class="product-type-image">
                                        <img data-src="https://cdn.kosik.cz/content/category/svg/menu/1403.svg" alt="Fitness">
                                    </a>
                                    <h3>
                                        <a class="children" href="/domacnost-a-zahrada/fitness">
                                            Fitness
                                        </a>
                                    </h3>

                                                                        <div class="categories-container">

                                                <a href="/domacnost-a-zahrada/fitness/sportovni-vyziva">
                                                    Sportovní výživa,
                                                </a>
                                        <a href="/domacnost-a-zahrada/fitness">...</a>
                                    </div>
                                </div>
                            </div>
                        </div>
                    </div>
                </li>
                <li class="sub with-children"
                    data-open="false">
                    <a href="/drogerie">
                        Drogerie
                    </a>
                        <span class="category-toggle-sub mobile-small-nav-show"
                              onclick="this.parentNode.classList.toggle('open')">
							<i class="fa fa-angle-down" aria-hidden="true"></i>
						</span>
                    <div class="block block-droped-category">
                        <div class="block-droped-category-inner">
                            <div class="category-product-list">

                                                                <div class="product-type">
                                    <a href="/drogerie/pece-o-telo" class="product-type-image">
                                        <img data-src="https://cdn.kosik.cz/content/category/svg/menu/1531.svg" alt="Péče o tělo">
                                    </a>
                                    <h3>
                                        <a class="children" href="/drogerie/pece-o-telo">
                                            Péče o tělo
                                        </a>
                                    </h3>

                                                                        <div class="categories-container">

                                                <a href="/drogerie/pece-o-telo/telova-mleka-a-kremy">
                                                    Tělová mléka a krémy,
                                                </a>

                                                <a href="/drogerie/pece-o-telo/pece-o-ruce">
                                                    Péče o ruce,
                                                </a>

                                                <a href="/drogerie/pece-o-telo/pece-o-nohy">
                                                    Péče o nohy,
                                                </a>


                                                <a href="/drogerie/pece-o-telo/repelenty">
                                                    Repelenty,
                                                </a>
                                        <a href="/drogerie/pece-o-telo">...</a>
                                    </div>
                                </div>
                                <div class="product-type">
                                    <a href="/drogerie/darkove-sady" class="product-type-image">
                                        <img data-src="https://cdn.kosik.cz/content/category/svg/menu/1571.svg" alt="Dárkové sady">
                                    </a>
                                    <h3>
                                        <a class="children" href="/drogerie/darkove-sady">
                                            Dárkové sady
                                        </a>
                                    </h3>

                                                                        <div class="categories-container">

                                                <a href="/drogerie/darkove-sady/pro-zeny">
                                                    Pro ženy,
                                                </a>

                                                <a href="/drogerie/darkove-sady/pro-muze">
                                                    Pro muže,
                                                </a>

                                                <a href="/drogerie/darkove-sady/pro-deti">
                                                    Pro děti,
                                                </a>

                                                <a href="/drogerie/darkove-sady/unisex">
                                                    Unisex,
                                                </a>
                                        <a href="/drogerie/darkove-sady">...</a>
                                    </div>
                                </div>
                                <div class="product-type">
                                    <a href="/drogerie/praci-prostredky" class="product-type-image">
                                        <img data-src="https://cdn.kosik.cz/content/category/svg/menu/1456.svg" alt="Prací prostředky">
                                    </a>
                                    <h3>
                                        <a class="children" href="/drogerie/praci-prostredky">
                                            Prací prostředky
                                        </a>
                                    </h3>

                                                                        <div class="categories-container">

                                                <a href="/drogerie/praci-prostredky/prasky">
                                                    Prášky,
                                                </a>

                                                <a href="/drogerie/praci-prostredky/gely">
                                                    Gely,
                                                </a>

                                                <a href="/drogerie/praci-prostredky/kapsle">
                                                    Kapsle,
                                                </a>

                                                <a href="/drogerie/praci-prostredky/avivaze">
                                                    Aviváže,
                                                </a>

                                                <a href="/drogerie/praci-prostredky/detske-prani">
                                                    Dětské praní,
                                                </a>

                                                <a href="/drogerie/praci-prostredky/odstranovace-skvrn">
                                                    Odstraňovače skvrn,
                                                </a>
                                        <a href="/drogerie/praci-prostredky">...</a>
                                    </div>
                                </div>
                                <div class="product-type">
                                    <a href="/drogerie/cistici-prostredky" class="product-type-image">
                                        <img data-src="https://cdn.kosik.cz/content/category/svg/menu/1464.svg" alt="Čistící prostředky">
                                    </a>
                                    <h3>
                                        <a class="children" href="/drogerie/cistici-prostredky">
                                            Čistící prostředky
                                        </a>
                                    </h3>

                                                                        <div class="categories-container">

                                                <a href="/drogerie/cistici-prostredky/koupelna">
                                                    Koupelna,
                                                </a>

                                                <a href="/drogerie/cistici-prostredky/kuchyn">
                                                    Kuchyň,
                                                </a>

                                                <a href="/drogerie/cistici-prostredky/toaleta">
                                                    Toaleta,
                                                </a>

                                                <a href="/drogerie/cistici-prostredky/podlahy-a-koberce">
                                                    Podlahy a koberce,
                                                </a>

                                                <a href="/drogerie/cistici-prostredky/okna">
                                                    Okna,
                                                </a>

                                                <a href="/drogerie/cistici-prostredky/nabytek">
                                                    Nábytek,
                                                </a>

                                                <a href="/drogerie/cistici-prostredky/univerzalni">
                                                    Univerzální,
                                                </a>



                                        <a href="/drogerie/cistici-prostredky">...</a>
                                    </div>
                                </div>
                                <div class="product-type">
                                    <a href="/drogerie/myti-nadobi" class="product-type-image">
                                        <img data-src="https://cdn.kosik.cz/content/category/svg/menu/1551.svg" alt="Mytí nádobí">
                                    </a>
                                    <h3>
                                        <a class="children" href="/drogerie/myti-nadobi">
                                            Mytí nádobí
                                        </a>
                                    </h3>

                                                                        <div class="categories-container">

                                                <a href="/drogerie/myti-nadobi/prostredky-do-mycky">
                                                    Prostředky do myčky,
                                                </a>

                                                <a href="/drogerie/myti-nadobi/rucni-myti">
                                                    Ruční mytí,
                                                </a>

                                                <a href="/drogerie/myti-nadobi/hadriky-a-houbicky">
                                                    Hadříky a houbičky,
                                                </a>
                                        <a href="/drogerie/myti-nadobi">...</a>
                                    </div>
                                </div>
                                <div class="product-type">
                                    <a href="/drogerie/toaletni-papir-kapesniky-kuchynske-uterky" class="product-type-image">
                                        <img data-src="https://cdn.kosik.cz/content/category/svg/menu/1561.svg" alt="Toaletní papír, kapesníky, kuchyňské utěrky">
                                    </a>
                                    <h3>
                                        <a class="children" href="/drogerie/toaletni-papir-kapesniky-kuchynske-uterky">
                                            Toaletní papír, kapesníky, kuchyňské utěrky
                                        </a>
                                    </h3>

                                                                        <div class="categories-container">

                                                <a href="/drogerie/toaletni-papir-kapesniky-kuchynske-uterky/toaletni-papiry">
                                                    Toaletní papíry,
                                                </a>

                                                <a href="/drogerie/toaletni-papir-kapesniky-kuchynske-uterky/kapesniky">
                                                    Kapesníky,
                                                </a>

                                                <a href="/drogerie/toaletni-papir-kapesniky-kuchynske-uterky/kuchynske-uterky">
                                                    Kuchyňské utěrky,
                                                </a>
                                        <a href="/drogerie/toaletni-papir-kapesniky-kuchynske-uterky">...</a>
                                    </div>
                                </div>
                                <div class="product-type">
                                    <a href="/drogerie/sprchove-gely-mydla-peny" class="product-type-image">
                                        <img data-src="https://cdn.kosik.cz/content/category/svg/menu/1514.svg" alt="Sprchové gely, mýdla, pěny">
                                    </a>
                                    <h3>
                                        <a class="children" href="/drogerie/sprchove-gely-mydla-peny">
                                            Sprchové gely, mýdla, pěny
                                        </a>
                                    </h3>

                                                                        <div class="categories-container">

                                                <a href="/drogerie/sprchove-gely-mydla-peny/sprchove-gely">
                                                    Sprchové gely,
                                                </a>

                                                <a href="/drogerie/sprchove-gely-mydla-peny/mydla">
                                                    Mýdla,
                                                </a>

                                                <a href="/drogerie/sprchove-gely-mydla-peny/peny-a-oleje-do-koupele">
                                                    Pěny a oleje do koupele,
                                                </a>
                                        <a href="/drogerie/sprchove-gely-mydla-peny">...</a>
                                    </div>
                                </div>
                                <div class="product-type">
                                    <a href="/drogerie/pece-o-vlasy" class="product-type-image">
                                        <img data-src="https://cdn.kosik.cz/content/category/svg/menu/1523.svg" alt="Péče o vlasy">
                                    </a>
                                    <h3>
                                        <a class="children" href="/drogerie/pece-o-vlasy">
                                            Péče o vlasy
                                        </a>
                                    </h3>

                                                                        <div class="categories-container">

                                                <a href="/drogerie/pece-o-vlasy/sampony">
                                                    Šampony,
                                                </a>

                                                <a href="/drogerie/pece-o-vlasy/kondicionery">
                                                    Kondicionéry,
                                                </a>

                                                <a href="/drogerie/pece-o-vlasy/laky">
                                                    Laky,
                                                </a>

                                                <a href="/drogerie/pece-o-vlasy/tuzidla">
                                                    Tužidla,
                                                </a>

                                                <a href="/drogerie/pece-o-vlasy/gely">
                                                    Gely,
                                                </a>

                                                <a href="/drogerie/pece-o-vlasy/barvy-na-vlasy">
                                                    Barvy na vlasy,
                                                </a>
                                        <a href="/drogerie/pece-o-vlasy">...</a>
                                    </div>
                                </div>
                                <div class="product-type">
                                    <a href="/drogerie/pece-o-plet" class="product-type-image">
                                        <img data-src="https://cdn.kosik.cz/content/category/svg/menu/1541.svg" alt="Péče o pleť">
                                    </a>
                                    <h3>
                                        <a class="children" href="/drogerie/pece-o-plet">
                                            Péče o pleť
                                        </a>
                                    </h3>

                                                                        <div class="categories-container">

                                                <a href="/drogerie/pece-o-plet/pletove-kremy">
                                                    Pleťové krémy,
                                                </a>

                                                <a href="/drogerie/pece-o-plet/odlicovani">
                                                    Odličování,
                                                </a>

                                                <a href="/drogerie/pece-o-plet/masky-a-peelingy">
                                                    Masky a peelingy,
                                                </a>

                                                <a href="/drogerie/pece-o-plet/pece-o-rty">
                                                    Péče o rty,
                                                </a>

                                        <a href="/drogerie/pece-o-plet">...</a>
                                    </div>
                                </div>
                                <div class="product-type">
                                    <a href="/drogerie/ustni-hygiena" class="product-type-image">
                                        <img data-src="https://cdn.kosik.cz/content/category/svg/menu/1502.svg" alt="Ústní hygiena">
                                    </a>
                                    <h3>
                                        <a class="children" href="/drogerie/ustni-hygiena">
                                            Ústní hygiena
                                        </a>
                                    </h3>

                                                                        <div class="categories-container">

                                                <a href="/drogerie/ustni-hygiena/zubni-pasty">
                                                    Zubní pasty,
                                                </a>

                                                <a href="/drogerie/ustni-hygiena/zubni-kartacky">
                                                    Zubní kartáčky,
                                                </a>

                                                <a href="/drogerie/ustni-hygiena/ustni-vody">
                                                    Ústní vody,
                                                </a>

                                                <a href="/drogerie/ustni-hygiena/mezizubni-pece">
                                                    Mezizubní péče,
                                                </a>

                                        <a href="/drogerie/ustni-hygiena">...</a>
                                    </div>
                                </div>
                                <div class="product-type">
                                    <a href="/drogerie/deodoranty-a-antiperspiranty" class="product-type-image">
                                        <img data-src="https://cdn.kosik.cz/content/category/svg/menu/1477.svg" alt="Deodoranty a antiperspiranty">
                                    </a>
                                    <h3>
                                        <a class="children" href="/drogerie/deodoranty-a-antiperspiranty">
                                            Deodoranty a antiperspiranty
                                        </a>
                                    </h3>

                                                                        <div class="categories-container">

                                                <a href="/drogerie/deodoranty-a-antiperspiranty/damske">
                                                    Dámské,
                                                </a>

                                                <a href="/drogerie/deodoranty-a-antiperspiranty/panske">
                                                    Pánské,
                                                </a>
                                        <a href="/drogerie/deodoranty-a-antiperspiranty">...</a>
                                    </div>
                                </div>
                                <div class="product-type">
                                    <a href="/drogerie/holeni-a-epilace" class="product-type-image">
                                        <img data-src="https://cdn.kosik.cz/content/category/svg/menu/1493.svg" alt="Holení a epilace">
                                    </a>
                                    <h3>
                                        <a class="children" href="/drogerie/holeni-a-epilace">
                                            Holení a epilace
                                        </a>
                                    </h3>

                                                                        <div class="categories-container">

                                                <a href="/drogerie/holeni-a-epilace/damske">
                                                    Dámské,
                                                </a>

                                                <a href="/drogerie/holeni-a-epilace/panske">
                                                    Pánské,
                                                </a>
                                        <a href="/drogerie/holeni-a-epilace">...</a>
                                    </div>
                                </div>
                                <div class="product-type">
                                    <a href="/drogerie/damska-hygiena" class="product-type-image">
                                        <img data-src="https://cdn.kosik.cz/content/category/svg/menu/1508.svg" alt="Dámská hygiena">
                                    </a>
                                    <h3>
                                        <a class="children" href="/drogerie/damska-hygiena">
                                            Dámská hygiena
                                        </a>
                                    </h3>

                                                                        <div class="categories-container">

                                                <a href="/drogerie/damska-hygiena/vlozky">
                                                    Vložky,
                                                </a>

                                                <a href="/drogerie/damska-hygiena/tampony">
                                                    Tampóny,
                                                </a>

                                                <a href="/drogerie/damska-hygiena/intimni-hygiena">
                                                    Intimní hygiena,
                                                </a>
                                        <a href="/drogerie/damska-hygiena">...</a>
                                    </div>
                                </div>
                                <div class="product-type">
                                    <a href="/drogerie/eko-drogerie-a-kosmetika" class="product-type-image">
                                        <img data-src="https://cdn.kosik.cz/content/category/svg/menu/1488.svg" alt="Eko drogerie a kosmetika">
                                    </a>
                                    <h3>
                                        <a class="children" href="/drogerie/eko-drogerie-a-kosmetika">
                                            Eko drogerie a kosmetika
                                        </a>
                                    </h3>

                                                                        <div class="categories-container">

                                                <a href="/drogerie/eko-drogerie-a-kosmetika/prani">
                                                    Praní,
                                                </a>

                                                <a href="/drogerie/eko-drogerie-a-kosmetika/myti-nadobi">
                                                    Mytí nádobí,
                                                </a>

                                                <a href="/drogerie/eko-drogerie-a-kosmetika/cistici-prostredky">
                                                    Čistící prostředky,
                                                </a>

                                                <a href="/drogerie/eko-drogerie-a-kosmetika/prirodni-kosmetika">
                                                    Přírodní kosmetika,
                                                </a>
                                        <a href="/drogerie/eko-drogerie-a-kosmetika">...</a>
                                    </div>
                                </div>
                                <div class="product-type">
                                    <a href="/drogerie/pece-o-zdravi" class="product-type-image">
                                        <img data-src="https://cdn.kosik.cz/content/category/svg/menu/1565.svg" alt="Péče o zdraví">
                                    </a>
                                    <h3>
                                        <a class="children" href="/drogerie/pece-o-zdravi">
                                            Péče o zdraví
                                        </a>
                                    </h3>

                                                                        <div class="categories-container">

                                                <a href="/drogerie/pece-o-zdravi/intimni-chvile">
                                                    Intimní chvíle,
                                                </a>

                                                <a href="/drogerie/pece-o-zdravi/masazni-emulze">
                                                    Masážní emulze,
                                                </a>

                                                <a href="/drogerie/pece-o-zdravi/pece-o-telo-a-vlasy">
                                                    Péče o tělo a vlasy,
                                                </a>
                                        <a href="/drogerie/pece-o-zdravi">...</a>
                                    </div>
                                </div>
                            </div>
                        </div>
                    </div>
                </li>
                <li class="sub with-children"
                    data-open="false">
                    <a href="/trafika">
                        Trafika
                    </a>
                        <span class="category-toggle-sub mobile-small-nav-show"
                              onclick="this.parentNode.classList.toggle('open')">
							<i class="fa fa-angle-down" aria-hidden="true"></i>
						</span>
                    <div class="block block-droped-category">
                        <div class="block-droped-category-inner">
                            <div class="category-product-list">

                                                                <div class="product-type">
                                    <a href="/trafika/cigarety-a-tabak" class="product-type-image">
                                        <img data-src="https://cdn.kosik.cz/content/category/svg/menu/1578.svg" alt="Cigarety a tabák">
                                    </a>
                                    <h3>
                                        <a class="children" href="/trafika/cigarety-a-tabak">
                                            Cigarety a tabák
                                        </a>
                                    </h3>

                                                                    </div>
                            </div>
                        </div>
                    </div>
                </li>


        </ul>
    </div>
</div>

<script type="text/javascript">
    $(function() {
        $('.christmas-link').on('click', function () {
            if (window.innerWidth < 1025) {
                var mobileMenu = $('#big-menu');
                mobileMenu.toggleClass('open');
                basic.toggleClass((document.querySelector('body')), 'open-menu');
            }
            $('html, body').animate({
                scrollTop: $('#christmas-inspiration').offset().top - 100
            }, 2000);
            return false;
        });

    });
</script>

						<div
								class="region region-delivery-cart" id="fixed-menu">
							<div class="region-inner region-delivery-cart-inner">
								<div id="snippet--orderSlotPreviewArea">
<script>
    $(document).ready(function(){
        var nearest = $('.block-nearest-delivery');

        if(nearest.hasClass('unloaded')){
            $.nette.ajax("\/napoje\/pivo?do=orderSlotPreview-load").done(function(){
                nearest.removeClass('unloaded')
            });
        }
    })
</script>
<div class="block block-nearest-delivery unloaded" id="snippet-orderSlotPreview-slots">
        <span class="noslot">Nejbližší termín dodání se dozvíte v <strong>průběhu objednávání</strong>. Momentálně jsme zaneprázdněni vyřizováním objednávek ostatních zákazníků.</span>
</div>
								</div>

								<div class="block-cart-dropdown" id="snippet--cartPreview">
<div class="cart-fixing-box">
	<a href="javaScript:void(0);" onclick="fixing.openBox(&quot;\/napoje\/pivo?do=cartPreview-showCart&quot;)" id="cart-open-button" aria-hidden="true">
		<i class="fa fa-angle-down" aria-hidden="true"></i>
		<p class="units-in-cart">
			<span class="show-cart-text" data-visible="Obchod" data-hide="Zobrazit">
					Zobrazit
			</span>
			<span class="total-items-incart" id="snippet-cartPreview-totalItems"><span class="accessible">Počet položek v košíku: </span>0</span>
		</p>
	</a>
		<a class="open-cart button-simple button-red blur-modal-overlay kosik-modal-open" data-target="login-modal">
			Pokladna
		</a>
	<p class="cart-price button-simple button-green" id="snippet-cartPreview-totalPriceArea">
		<strong class="price">0,00 Kč</strong>
	</p>
</div>
<div class="cart-box fixed-top" id="cart-detail-preview">
<div id="snippet-cartPreview-cartBox"><div id="snippet-cartPreview-detail-">	<div class="cart-item-list-overlay">
		<div id="cart-items-list" class="cart-items-list min">
			<div class="cart-items-scroller">
				<h4 class="accessible">Položky v košíku</h2>
				<div class="cart-is-empty">
										Košík máte prázdný,<br>vraťte se <a href="javascript:void(0);" onclick="fixing.openBox('\/?do=cartPreview-showCart')">do obchodu</a>.
									</div>
			</div>
		</div>
<div id="snippet-cartPreview-detail-finalPrice">				<div class="make-order" id="make-order-button">
					<div class="cart-minimal">
						<p>
								Minimální cena objednávky je <b class="no-break"><strong class="price">500,00 Kč</strong></b> Kč
								<br>
								Přidejte zboží ještě alespoň za <em class="no-break"><strong class="price">500,00 Kč</strong></em>
						</p>
					</div>

						<a class="button button-red blur-modal-overlay kosik-modal-open" data-target="login-modal">
							Koupit za  0 Kč
						</a>
				</div>
			<script>
				$(document).ready(function(){
					$('.cart-control-delete, .cart-item-delete').click(function(){
						$(this).closest('li').addClass('hidden-product');
					});
				});
			</script>
</div>	</div>
	<script async>
		basic.documentReady(function () {

			if (window.innerWidth > 1024) {
				$('#delete-cart-items').on('click', function (e) {
					var message = confirm('Opravdu chcete vyprázdnit váš košík?')

					if (!message)
						e.preventDefault();
					else
						$.nette.ajax(this.dataset.href);
				});
			}
		});
	</script>
</div></div></div>
<script async>
	basic.documentReady(function(){
		fixing.init();
	});

	$(document).ajaxComplete(function(){
		fixing.reinitElements(true);
	});
</script>
								</div>
							</div>
						</div>
<div id="snippet-pASystem-"></div>					</div>

					<div class="region region-breadcrumb">
						<div class="region-inner region-breadcrumb-inner">

<ol class="kosik-breadcrumb">
    <li>
        <a href="/">Košík.cz</a>
    </li>
    <li>
        <a href="/napoje">
            Nápoje
        </a>
    </li>
    <li>
        <a href="/napoje/pivo">
            Pivo
        </a>
    </li>
</ol>
<div class="clear"></div>

<script type="application/ld+json" async>
{"@context":"http://schema.org","@type":"BreadcrumbList","itemListElement":[{"@type":"ListItem","position":1,"item":{"@id":"/zbozi","name":"Zboží"}},{"@type":"ListItem","position":2,"item":{"@id":"/napoje","name":"Nápoje"}},{"@type":"ListItem","position":3,"item":{"@id":"/napoje/pivo","name":"Pivo"}}]}
</script>						</div>
					</div>

				</div>
			</div>
		</header>

		<div class="mainOuter">
			
		</div>

		<div class="zone-wrapper zone-main-wrapper clearfix" role="main">
			<a name="maincontent" id="maincontent" aria-hidden="true"></a>
	<div class="zone zone-main clearfix">

		<div class="region region-category-review-slider" role="complementary">
			<div class="region-inner region-category-review-slider-inner">
<div class="block block-product-list-category  lighter-gray-bg">
	<div class="category-review">
		<a href="/napoje">
			Nápoje
		</a>
		<ul class="category-review-list">
			<li>
				<a href="/napoje/pivo/vycepni">
					Výčepní				</a>
			</li>
			<li>
				<a href="/napoje/pivo/lezak">
					Ležák				</a>
				<a class="category-has-dropdown" href="" aria-hidden="true" tabindex="-1">
					<i class="fa fa-angle-down"></i>
				</a>
				<ul>
					<li>
						<a href="/napoje/pivo/lezak/nefiltrovane">Nefiltrované</a>
					</li>
				</ul>
			</li>
			<li>
				<a href="/napoje/pivo/nealko">
					Nealko				</a>
			</li>
			<li>
				<a href="/napoje/pivo/ale">
					Ale				</a>
			</li>
			<li>
				<a href="/napoje/pivo/ochucene">
					Ochucené				</a>
			</li>
			<li>
				<a href="/napoje/pivo/cider">
					Cider				</a>
			</li>
			<li>
				<a href="/napoje/pivo/tmave">
					Tmavé				</a>
			</li>
			<li>
				<a href="/napoje/pivo/psenicne">
					Pšeničné				</a>
			</li>
			<li>
				<a href="/napoje/pivo/specialni">
					Speciální				</a>
			</li>
			<li>
				<a href="/napoje/pivo/male-pivovary">
					Malé pivovary				</a>
			</li>
			<li>
				<a href="/napoje/pivo/sudove">
					Sudové				</a>
			</li>
			<li>
				<a href="/napoje/pivo/zahranicni">
					Zahraniční				</a>
				<a class="category-has-dropdown" href="" aria-hidden="true" tabindex="-1">
					<i class="fa fa-angle-down"></i>
				</a>
				<ul>
					<li>
						<a href="/napoje/pivo/zahranicni/belgie">Belgie</a>
					</li>
					<li>
						<a href="/napoje/pivo/zahranicni/nemecko">Německo</a>
					</li>
					<li>
						<a href="/napoje/pivo/zahranicni/velka-britanie">Velká Británie</a>
					</li>
					<li>
						<a href="/napoje/pivo/zahranicni/usa">USA</a>
					</li>
				</ul>
			</li>
			<li>
				<a href="/napoje/pivo/multibaleni">
					Multibalení				</a>
			</li>
		</ul>
	</div>
</div>				<div id="snippet--productFilterArea">
<div class="block block-product-price-filter lighter-gray-bg">
    <div class="filter-ajax-waiting">
        <div class="loading">
            <div class="loading-bar"></div>
            <div class="loading-bar"></div>
            <div class="loading-bar"></div>
            <div class="loading-bar"></div>
        </div>
    </div>
    <div class="count" id="snippet-productFilter-countArea">
        <p>359 produktů nalezeno</p>
    </div>

        <h3 aria-label="Filtr Podle ceny">Podle ceny</h3>
        <div id="snippet-productFilter-priceFinalVatConstraintFormArea">
        <form action="/napoje/pivo" method="post" class="ajax filter-constraint filter-range" id="frm-productFilter-priceFinalVatConstraintForm">
                                <div id="slider-value" class="slider"><input type="text" name="value[min]" style="display:none" id="value-min" value="0"><input type="text" name="value[max]" style="display:none" id="value-max" value="3890"><div data-suffix="Kč" data-minimum="0" data-maximum="3890" data-value-min="0" data-value-max="3890" data-step="10" class="range-wrapper"><div id="range-input"></div></div><span id="value-label-minValue"></span><span id="value-label-maxValue" style="float:right"></span></div>
                                <input type="hidden" name="do" value="productFilter-priceFinalVatConstraintForm-submit">
        <!--[if IE]><input type=IEbug disabled style="display:none"><![endif]-->
</form>

</div>
        <h3 aria-label="Filtr Podle značky">Podle značky</h3>
        <div id="snippet-productFilter-brandConstraintFormArea">
        <form action="/napoje/pivo" method="post" class="ajax filter-constraint filter-list" id="frm-productFilter-brandConstraintForm">
                <div class="filter-categories" id="filter-brand">

                                                         <div class="form-row" style="display: none;">
                            <input type="checkbox" name="value[]" onchange=" $('.filter-ajax-waiting').addClass('show');$(this).closest('form').submit();" id="frm-productFilter-brandConstraintForm-value-3080" value="3080" aria-label="!AC/DC (1)">
                            <label for="frm-productFilter-brandConstraintForm-value-3080">AC/DC (1)</label>
                        </div>


                                                         <div class="form-row" style="display: none;">
                            <input type="checkbox" name="value[]" onchange=" $('.filter-ajax-waiting').addClass('show');$(this).closest('form').submit();" id="frm-productFilter-brandConstraintForm-value-3282" value="3282" aria-label="!Bachata (1)">
                            <label for="frm-productFilter-brandConstraintForm-value-3282">Bachata (1)</label>
                        </div>


                                                         <div class="form-row" style="display: none;">
                            <input type="checkbox" name="value[]" onchange=" $('.filter-ajax-waiting').addClass('show');$(this).closest('form').submit();" id="frm-productFilter-brandConstraintForm-value-2741" value="2741" aria-label="!Bayreuther (3)">
                            <label for="frm-productFilter-brandConstraintForm-value-2741">Bayreuther (3)</label>
                        </div>


                                                         <div class="form-row" style="display: none;">
                            <input type="checkbox" name="value[]" onchange=" $('.filter-ajax-waiting').addClass('show');$(this).closest('form').submit();" id="frm-productFilter-brandConstraintForm-value-2894" value="2894" aria-label="!Bear Beer (5)">
                            <label for="frm-productFilter-brandConstraintForm-value-2894">Bear Beer (5)</label>
                        </div>


                            <div class="form-row">
                            <input type="checkbox" name="value[]" onchange=" $('.filter-ajax-waiting').addClass('show');$(this).closest('form').submit();" id="frm-productFilter-brandConstraintForm-value-433" value="433" aria-label="!Bernard (15)">
                            <label for="frm-productFilter-brandConstraintForm-value-433">Bernard (15)</label>
                        </div>


                                                         <div class="form-row" style="display: none;">
                            <input type="checkbox" name="value[]" onchange=" $('.filter-ajax-waiting').addClass('show');$(this).closest('form').submit();" id="frm-productFilter-brandConstraintForm-value-87" value="87" aria-label="!Bez značky (7)">
                            <label for="frm-productFilter-brandConstraintForm-value-87">Bez značky (7)</label>
                        </div>


                            <div class="form-row">
                            <input type="checkbox" name="value[]" onchange=" $('.filter-ajax-waiting').addClass('show');$(this).closest('form').submit();" id="frm-productFilter-brandConstraintForm-value-434" value="434" aria-label="!Birell (15)">
                            <label for="frm-productFilter-brandConstraintForm-value-434">Birell (15)</label>
                        </div>


                                                         <div class="form-row" style="display: none;">
                            <input type="checkbox" name="value[]" onchange=" $('.filter-ajax-waiting').addClass('show');$(this).closest('form').submit();" id="frm-productFilter-brandConstraintForm-value-440" value="440" aria-label="!Braník (5)">
                            <label for="frm-productFilter-brandConstraintForm-value-440">Braník (5)</label>
                        </div>


                            <div class="form-row">
                            <input type="checkbox" name="value[]" onchange=" $('.filter-ajax-waiting').addClass('show');$(this).closest('form').submit();" id="frm-productFilter-brandConstraintForm-value-1069" value="1069" aria-label="!Budweiser Budvar (19)">
                            <label for="frm-productFilter-brandConstraintForm-value-1069">Budweiser Budvar (19)</label>
                        </div>


                                                         <div class="form-row" style="display: none;">
                            <input type="checkbox" name="value[]" onchange=" $('.filter-ajax-waiting').addClass('show');$(this).closest('form').submit();" id="frm-productFilter-brandConstraintForm-value-1702" value="1702" aria-label="!Budějovický Budvar (1)">
                            <label for="frm-productFilter-brandConstraintForm-value-1702">Budějovický Budvar (1)</label>
                        </div>


                                                         <div class="form-row" style="display: none;">
                            <input type="checkbox" name="value[]" onchange=" $('.filter-ajax-waiting').addClass('show');$(this).closest('form').submit();" id="frm-productFilter-brandConstraintForm-value-441" value="441" aria-label="!Březňák (5)">
                            <label for="frm-productFilter-brandConstraintForm-value-441">Březňák (5)</label>
                        </div>


                                                         <div class="form-row" style="display: none;">
                            <input type="checkbox" name="value[]" onchange=" $('.filter-ajax-waiting').addClass('show');$(this).closest('form').submit();" id="frm-productFilter-brandConstraintForm-value-1541" value="1541" aria-label="!Carling (2)">
                            <label for="frm-productFilter-brandConstraintForm-value-1541">Carling (2)</label>
                        </div>


                                                         <div class="form-row" style="display: none;">
                            <input type="checkbox" name="value[]" onchange=" $('.filter-ajax-waiting').addClass('show');$(this).closest('form').submit();" id="frm-productFilter-brandConstraintForm-value-3045" value="3045" aria-label="!Carlsberg (3)">
                            <label for="frm-productFilter-brandConstraintForm-value-3045">Carlsberg (3)</label>
                        </div>


                            <div class="form-row">
                            <input type="checkbox" name="value[]" onchange=" $('.filter-ajax-waiting').addClass('show');$(this).closest('form').submit();" id="frm-productFilter-brandConstraintForm-value-3575" value="3575" aria-label="!Cider Magnetic Apple (13)">
                            <label for="frm-productFilter-brandConstraintForm-value-3575">Cider Magnetic Apple (13)</label>
                        </div>


                                                         <div class="form-row" style="display: none;">
                            <input type="checkbox" name="value[]" onchange=" $('.filter-ajax-waiting').addClass('show');$(this).closest('form').submit();" id="frm-productFilter-brandConstraintForm-value-635" value="635" aria-label="!Clausthaler (1)">
                            <label for="frm-productFilter-brandConstraintForm-value-635">Clausthaler (1)</label>
                        </div>


                                                         <div class="form-row" style="display: none;">
                            <input type="checkbox" name="value[]" onchange=" $('.filter-ajax-waiting').addClass('show');$(this).closest('form').submit();" id="frm-productFilter-brandConstraintForm-value-456" value="456" aria-label="!Corona (1)">
                            <label for="frm-productFilter-brandConstraintForm-value-456">Corona (1)</label>
                        </div>


                                                         <div class="form-row" style="display: none;">
                            <input type="checkbox" name="value[]" onchange=" $('.filter-ajax-waiting').addClass('show');$(this).closest('form').submit();" id="frm-productFilter-brandConstraintForm-value-457" value="457" aria-label="!Desperados (2)">
                            <label for="frm-productFilter-brandConstraintForm-value-457">Desperados (2)</label>
                        </div>


                                                         <div class="form-row" style="display: none;">
                            <input type="checkbox" name="value[]" onchange=" $('.filter-ajax-waiting').addClass('show');$(this).closest('form').submit();" id="frm-productFilter-brandConstraintForm-value-2167" value="2167" aria-label="!Excelent (5)">
                            <label for="frm-productFilter-brandConstraintForm-value-2167">Excelent (5)</label>
                        </div>


                                                         <div class="form-row" style="display: none;">
                            <input type="checkbox" name="value[]" onchange=" $('.filter-ajax-waiting').addClass('show');$(this).closest('form').submit();" id="frm-productFilter-brandConstraintForm-value-2289" value="2289" aria-label="!Ferdinand (5)">
                            <label for="frm-productFilter-brandConstraintForm-value-2289">Ferdinand (5)</label>
                        </div>


                                                         <div class="form-row" style="display: none;">
                            <input type="checkbox" name="value[]" onchange=" $('.filter-ajax-waiting').addClass('show');$(this).closest('form').submit();" id="frm-productFilter-brandConstraintForm-value-458" value="458" aria-label="!Frisco (4)">
                            <label for="frm-productFilter-brandConstraintForm-value-458">Frisco (4)</label>
                        </div>


                                                         <div class="form-row" style="display: none;">
                            <input type="checkbox" name="value[]" onchange=" $('.filter-ajax-waiting').addClass('show');$(this).closest('form').submit();" id="frm-productFilter-brandConstraintForm-value-2880" value="2880" aria-label="!Fuller‘s (3)">
                            <label for="frm-productFilter-brandConstraintForm-value-2880">Fuller‘s (3)</label>
                        </div>


                            <div class="form-row">
                            <input type="checkbox" name="value[]" onchange=" $('.filter-ajax-waiting').addClass('show');$(this).closest('form').submit();" id="frm-productFilter-brandConstraintForm-value-442" value="442" aria-label="!Gambrinus (14)">
                            <label for="frm-productFilter-brandConstraintForm-value-442">Gambrinus (14)</label>
                        </div>


                                                         <div class="form-row" style="display: none;">
                            <input type="checkbox" name="value[]" onchange=" $('.filter-ajax-waiting').addClass('show');$(this).closest('form').submit();" id="frm-productFilter-brandConstraintForm-value-2266" value="2266" aria-label="!Grace (1)">
                            <label for="frm-productFilter-brandConstraintForm-value-2266">Grace (1)</label>
                        </div>


                                                         <div class="form-row" style="display: none;">
                            <input type="checkbox" name="value[]" onchange=" $('.filter-ajax-waiting').addClass('show');$(this).closest('form').submit();" id="frm-productFilter-brandConstraintForm-value-1073" value="1073" aria-label="!Guinness (3)">
                            <label for="frm-productFilter-brandConstraintForm-value-1073">Guinness (3)</label>
                        </div>


                                                         <div class="form-row" style="display: none;">
                            <input type="checkbox" name="value[]" onchange=" $('.filter-ajax-waiting').addClass('show');$(this).closest('form').submit();" id="frm-productFilter-brandConstraintForm-value-2561" value="2561" aria-label="!Gulden Draak (1)">
                            <label for="frm-productFilter-brandConstraintForm-value-2561">Gulden Draak (1)</label>
                        </div>


                                                         <div class="form-row" style="display: none;">
                            <input type="checkbox" name="value[]" onchange=" $('.filter-ajax-waiting').addClass('show');$(this).closest('form').submit();" id="frm-productFilter-brandConstraintForm-value-450" value="450" aria-label="!Heineken (2)">
                            <label for="frm-productFilter-brandConstraintForm-value-450">Heineken (2)</label>
                        </div>


                                                         <div class="form-row" style="display: none;">
                            <input type="checkbox" name="value[]" onchange=" $('.filter-ajax-waiting').addClass('show');$(this).closest('form').submit();" id="frm-productFilter-brandConstraintForm-value-2425" value="2425" aria-label="!Hoegaarden (1)">
                            <label for="frm-productFilter-brandConstraintForm-value-2425">Hoegaarden (1)</label>
                        </div>


                                                         <div class="form-row" style="display: none;">
                            <input type="checkbox" name="value[]" onchange=" $('.filter-ajax-waiting').addClass('show');$(this).closest('form').submit();" id="frm-productFilter-brandConstraintForm-value-3199" value="3199" aria-label="!Holba (5)">
                            <label for="frm-productFilter-brandConstraintForm-value-3199">Holba (5)</label>
                        </div>


                                                         <div class="form-row" style="display: none;">
                            <input type="checkbox" name="value[]" onchange=" $('.filter-ajax-waiting').addClass('show');$(this).closest('form').submit();" id="frm-productFilter-brandConstraintForm-value-2882" value="2882" aria-label="!Innis &amp; Gunn (2)">
                            <label for="frm-productFilter-brandConstraintForm-value-2882">Innis &amp; Gunn (2)</label>
                        </div>


                                                         <div class="form-row" style="display: none;">
                            <input type="checkbox" name="value[]" onchange=" $('.filter-ajax-waiting').addClass('show');$(this).closest('form').submit();" id="frm-productFilter-brandConstraintForm-value-3081" value="3081" aria-label="!Iron Maiden Trooper (1)">
                            <label for="frm-productFilter-brandConstraintForm-value-3081">Iron Maiden Trooper (1)</label>
                        </div>


                                                         <div class="form-row" style="display: none;">
                            <input type="checkbox" name="value[]" onchange=" $('.filter-ajax-waiting').addClass('show');$(this).closest('form').submit();" id="frm-productFilter-brandConstraintForm-value-2818" value="2818" aria-label="!Ježek (3)">
                            <label for="frm-productFilter-brandConstraintForm-value-2818">Ježek (3)</label>
                        </div>


                                                         <div class="form-row" style="display: none;">
                            <input type="checkbox" name="value[]" onchange=" $('.filter-ajax-waiting').addClass('show');$(this).closest('form').submit();" id="frm-productFilter-brandConstraintForm-value-2601" value="2601" aria-label="!Kasteel (1)">
                            <label for="frm-productFilter-brandConstraintForm-value-2601">Kasteel (1)</label>
                        </div>


                                                         <div class="form-row" style="display: none;">
                            <input type="checkbox" name="value[]" onchange=" $('.filter-ajax-waiting').addClass('show');$(this).closest('form').submit();" id="frm-productFilter-brandConstraintForm-value-636" value="636" aria-label="!Kingswood (8)">
                            <label for="frm-productFilter-brandConstraintForm-value-636">Kingswood (8)</label>
                        </div>


                                                         <div class="form-row" style="display: none;">
                            <input type="checkbox" name="value[]" onchange=" $('.filter-ajax-waiting').addClass('show');$(this).closest('form').submit();" id="frm-productFilter-brandConstraintForm-value-1400" value="1400" aria-label="!Klaster (3)">
                            <label for="frm-productFilter-brandConstraintForm-value-1400">Klaster (3)</label>
                        </div>


                                                         <div class="form-row" style="display: none;">
                            <input type="checkbox" name="value[]" onchange=" $('.filter-ajax-waiting').addClass('show');$(this).closest('form').submit();" id="frm-productFilter-brandConstraintForm-value-1070" value="1070" aria-label="!Kopparberg (3)">
                            <label for="frm-productFilter-brandConstraintForm-value-1070">Kopparberg (3)</label>
                        </div>


                            <div class="form-row">
                            <input type="checkbox" name="value[]" onchange=" $('.filter-ajax-waiting').addClass('show');$(this).closest('form').submit();" id="frm-productFilter-brandConstraintForm-value-444" value="444" aria-label="!Krušovice (10)">
                            <label for="frm-productFilter-brandConstraintForm-value-444">Krušovice (10)</label>
                        </div>


                                                         <div class="form-row" style="display: none;">
                            <input type="checkbox" name="value[]" onchange=" $('.filter-ajax-waiting').addClass('show');$(this).closest('form').submit();" id="frm-productFilter-brandConstraintForm-value-3557" value="3557" aria-label="!Kutná Hora (1)">
                            <label for="frm-productFilter-brandConstraintForm-value-3557">Kutná Hora (1)</label>
                        </div>


                                                         <div class="form-row" style="display: none;">
                            <input type="checkbox" name="value[]" onchange=" $('.filter-ajax-waiting').addClass('show');$(this).closest('form').submit();" id="frm-productFilter-brandConstraintForm-value-2526" value="2526" aria-label="!Landbier (1)">
                            <label for="frm-productFilter-brandConstraintForm-value-2526">Landbier (1)</label>
                        </div>


                                                         <div class="form-row" style="display: none;">
                            <input type="checkbox" name="value[]" onchange=" $('.filter-ajax-waiting').addClass('show');$(this).closest('form').submit();" id="frm-productFilter-brandConstraintForm-value-1704" value="1704" aria-label="!Leffe (1)">
                            <label for="frm-productFilter-brandConstraintForm-value-1704">Leffe (1)</label>
                        </div>


                                                         <div class="form-row" style="display: none;">
                            <input type="checkbox" name="value[]" onchange=" $('.filter-ajax-waiting').addClass('show');$(this).closest('form').submit();" id="frm-productFilter-brandConstraintForm-value-3177" value="3177" aria-label="!Litovel (7)">
                            <label for="frm-productFilter-brandConstraintForm-value-3177">Litovel (7)</label>
                        </div>


                                                         <div class="form-row" style="display: none;">
                            <input type="checkbox" name="value[]" onchange=" $('.filter-ajax-waiting').addClass('show');$(this).closest('form').submit();" id="frm-productFilter-brandConstraintForm-value-3017" value="3017" aria-label="!Lišácké jablko (2)">
                            <label for="frm-productFilter-brandConstraintForm-value-3017">Lišácké jablko (2)</label>
                        </div>


                                                         <div class="form-row" style="display: none;">
                            <input type="checkbox" name="value[]" onchange=" $('.filter-ajax-waiting').addClass('show');$(this).closest('form').submit();" id="frm-productFilter-brandConstraintForm-value-2812" value="2812" aria-label="!Lobkowicz (8)">
                            <label for="frm-productFilter-brandConstraintForm-value-2812">Lobkowicz (8)</label>
                        </div>


                                                         <div class="form-row" style="display: none;">
                            <input type="checkbox" name="value[]" onchange=" $('.filter-ajax-waiting').addClass('show');$(this).closest('form').submit();" id="frm-productFilter-brandConstraintForm-value-2503" value="2503" aria-label="!Maisel &amp; Friends (3)">
                            <label for="frm-productFilter-brandConstraintForm-value-2503">Maisel &amp; Friends (3)</label>
                        </div>


                                                         <div class="form-row" style="display: none;">
                            <input type="checkbox" name="value[]" onchange=" $('.filter-ajax-waiting').addClass('show');$(this).closest('form').submit();" id="frm-productFilter-brandConstraintForm-value-2282" value="2282" aria-label="!Maisel's (6)">
                            <label for="frm-productFilter-brandConstraintForm-value-2282">Maisel's (6)</label>
                        </div>


                                                         <div class="form-row" style="display: none;">
                            <input type="checkbox" name="value[]" onchange=" $('.filter-ajax-waiting').addClass('show');$(this).closest('form').submit();" id="frm-productFilter-brandConstraintForm-value-2426" value="2426" aria-label="!Ostravar (3)">
                            <label for="frm-productFilter-brandConstraintForm-value-2426">Ostravar (3)</label>
                        </div>


                                                         <div class="form-row" style="display: none;">
                            <input type="checkbox" name="value[]" onchange=" $('.filter-ajax-waiting').addClass('show');$(this).closest('form').submit();" id="frm-productFilter-brandConstraintForm-value-445" value="445" aria-label="!Pardál (4)">
                            <label for="frm-productFilter-brandConstraintForm-value-445">Pardál (4)</label>
                        </div>


                                                         <div class="form-row" style="display: none;">
                            <input type="checkbox" name="value[]" onchange=" $('.filter-ajax-waiting').addClass('show');$(this).closest('form').submit();" id="frm-productFilter-brandConstraintForm-value-2257" value="2257" aria-label="!Permon (3)">
                            <label for="frm-productFilter-brandConstraintForm-value-2257">Permon (3)</label>
                        </div>


                                                         <div class="form-row" style="display: none;">
                            <input type="checkbox" name="value[]" onchange=" $('.filter-ajax-waiting').addClass('show');$(this).closest('form').submit();" id="frm-productFilter-brandConstraintForm-value-453" value="453" aria-label="!Pilsner Urquell (9)">
                            <label for="frm-productFilter-brandConstraintForm-value-453">Pilsner Urquell (9)</label>
                        </div>


                                                         <div class="form-row" style="display: none;">
                            <input type="checkbox" name="value[]" onchange=" $('.filter-ajax-waiting').addClass('show');$(this).closest('form').submit();" id="frm-productFilter-brandConstraintForm-value-2815" value="2815" aria-label="!Platan (4)">
                            <label for="frm-productFilter-brandConstraintForm-value-2815">Platan (4)</label>
                        </div>


                                                         <div class="form-row" style="display: none;">
                            <input type="checkbox" name="value[]" onchange=" $('.filter-ajax-waiting').addClass('show');$(this).closest('form').submit();" id="frm-productFilter-brandConstraintForm-value-1065" value="1065" aria-label="!Primus (1)">
                            <label for="frm-productFilter-brandConstraintForm-value-1065">Primus (1)</label>
                        </div>


                                                         <div class="form-row" style="display: none;">
                            <input type="checkbox" name="value[]" onchange=" $('.filter-ajax-waiting').addClass('show');$(this).closest('form').submit();" id="frm-productFilter-brandConstraintForm-value-446" value="446" aria-label="!Radegast (8)">
                            <label for="frm-productFilter-brandConstraintForm-value-446">Radegast (8)</label>
                        </div>


                                                         <div class="form-row" style="display: none;">
                            <input type="checkbox" name="value[]" onchange=" $('.filter-ajax-waiting').addClass('show');$(this).closest('form').submit();" id="frm-productFilter-brandConstraintForm-value-2821" value="2821" aria-label="!Rychtář (2)">
                            <label for="frm-productFilter-brandConstraintForm-value-2821">Rychtář (2)</label>
                        </div>


                                                         <div class="form-row" style="display: none;">
                            <input type="checkbox" name="value[]" onchange=" $('.filter-ajax-waiting').addClass('show');$(this).closest('form').submit();" id="frm-productFilter-brandConstraintForm-value-1234" value="1234" aria-label="!Samson (5)">
                            <label for="frm-productFilter-brandConstraintForm-value-1234">Samson (5)</label>
                        </div>


                                                         <div class="form-row" style="display: none;">
                            <input type="checkbox" name="value[]" onchange=" $('.filter-ajax-waiting').addClass('show');$(this).closest('form').submit();" id="frm-productFilter-brandConstraintForm-value-2514" value="2514" aria-label="!Samuel Adams (1)">
                            <label for="frm-productFilter-brandConstraintForm-value-2514">Samuel Adams (1)</label>
                        </div>


                                                         <div class="form-row" style="display: none;">
                            <input type="checkbox" name="value[]" onchange=" $('.filter-ajax-waiting').addClass('show');$(this).closest('form').submit();" id="frm-productFilter-brandConstraintForm-value-2886" value="2886" aria-label="!Schneider Weisse (2)">
                            <label for="frm-productFilter-brandConstraintForm-value-2886">Schneider Weisse (2)</label>
                        </div>


                                                         <div class="form-row" style="display: none;">
                            <input type="checkbox" name="value[]" onchange=" $('.filter-ajax-waiting').addClass('show');$(this).closest('form').submit();" id="frm-productFilter-brandConstraintForm-value-2881" value="2881" aria-label="!Shepherd Neame (1)">
                            <label for="frm-productFilter-brandConstraintForm-value-2881">Shepherd Neame (1)</label>
                        </div>


                                                         <div class="form-row" style="display: none;">
                            <input type="checkbox" name="value[]" onchange=" $('.filter-ajax-waiting').addClass('show');$(this).closest('form').submit();" id="frm-productFilter-brandConstraintForm-value-2265" value="2265" aria-label="!Singha (1)">
                            <label for="frm-productFilter-brandConstraintForm-value-2265">Singha (1)</label>
                        </div>


                                                         <div class="form-row" style="display: none;">
                            <input type="checkbox" name="value[]" onchange=" $('.filter-ajax-waiting').addClass('show');$(this).closest('form').submit();" id="frm-productFilter-brandConstraintForm-value-460" value="460" aria-label="!Somersby (8)">
                            <label for="frm-productFilter-brandConstraintForm-value-460">Somersby (8)</label>
                        </div>


                                                         <div class="form-row" style="display: none;">
                            <input type="checkbox" name="value[]" onchange=" $('.filter-ajax-waiting').addClass('show');$(this).closest('form').submit();" id="frm-productFilter-brandConstraintForm-value-2536" value="2536" aria-label="!St Louis (1)">
                            <label for="frm-productFilter-brandConstraintForm-value-2536">St Louis (1)</label>
                        </div>


                                                         <div class="form-row" style="display: none;">
                            <input type="checkbox" name="value[]" onchange=" $('.filter-ajax-waiting').addClass('show');$(this).closest('form').submit();" id="frm-productFilter-brandConstraintForm-value-2348" value="2348" aria-label="!Starobrno (7)">
                            <label for="frm-productFilter-brandConstraintForm-value-2348">Starobrno (7)</label>
                        </div>


                            <div class="form-row">
                            <input type="checkbox" name="value[]" onchange=" $('.filter-ajax-waiting').addClass('show');$(this).closest('form').submit();" id="frm-productFilter-brandConstraintForm-value-436" value="436" aria-label="!Staropramen (13)">
                            <label for="frm-productFilter-brandConstraintForm-value-436">Staropramen (13)</label>
                        </div>


                                                         <div class="form-row" style="display: none;">
                            <input type="checkbox" name="value[]" onchange=" $('.filter-ajax-waiting').addClass('show');$(this).closest('form').submit();" id="frm-productFilter-brandConstraintForm-value-437" value="437" aria-label="!Stella Artois (2)">
                            <label for="frm-productFilter-brandConstraintForm-value-437">Stella Artois (2)</label>
                        </div>


                                                         <div class="form-row" style="display: none;">
                            <input type="checkbox" name="value[]" onchange=" $('.filter-ajax-waiting').addClass('show');$(this).closest('form').submit();" id="frm-productFilter-brandConstraintForm-value-2884" value="2884" aria-label="!Stone (1)">
                            <label for="frm-productFilter-brandConstraintForm-value-2884">Stone (1)</label>
                        </div>


                                                         <div class="form-row" style="display: none;">
                            <input type="checkbox" name="value[]" onchange=" $('.filter-ajax-waiting').addClass('show');$(this).closest('form').submit();" id="frm-productFilter-brandConstraintForm-value-2703" value="2703" aria-label="!Strassen (2)">
                            <label for="frm-productFilter-brandConstraintForm-value-2703">Strassen (2)</label>
                        </div>


                            <div class="form-row">
                            <input type="checkbox" name="value[]" onchange=" $('.filter-ajax-waiting').addClass('show');$(this).closest('form').submit();" id="frm-productFilter-brandConstraintForm-value-1705" value="1705" aria-label="!Strongbow (16)">
                            <label for="frm-productFilter-brandConstraintForm-value-1705">Strongbow (16)</label>
                        </div>


                                                         <div class="form-row" style="display: none;">
                            <input type="checkbox" name="value[]" onchange=" $('.filter-ajax-waiting').addClass('show');$(this).closest('form').submit();" id="frm-productFilter-brandConstraintForm-value-447" value="447" aria-label="!Svijany (6)">
                            <label for="frm-productFilter-brandConstraintForm-value-447">Svijany (6)</label>
                        </div>


                                                         <div class="form-row" style="display: none;">
                            <input type="checkbox" name="value[]" onchange=" $('.filter-ajax-waiting').addClass('show');$(this).closest('form').submit();" id="frm-productFilter-brandConstraintForm-value-2883" value="2883" aria-label="!Thornbridge (3)">
                            <label for="frm-productFilter-brandConstraintForm-value-2883">Thornbridge (3)</label>
                        </div>


                                                         <div class="form-row" style="display: none;">
                            <input type="checkbox" name="value[]" onchange=" $('.filter-ajax-waiting').addClass('show');$(this).closest('form').submit();" id="frm-productFilter-brandConstraintForm-value-2226" value="2226" aria-label="!Tátův sad (4)">
                            <label for="frm-productFilter-brandConstraintForm-value-2226">Tátův sad (4)</label>
                        </div>


                            <div class="form-row">
                            <input type="checkbox" name="value[]" onchange=" $('.filter-ajax-waiting').addClass('show');$(this).closest('form').submit();" id="frm-productFilter-brandConstraintForm-value-448" value="448" aria-label="!Velkopopovický Kozel (12)">
                            <label for="frm-productFilter-brandConstraintForm-value-448">Velkopopovický Kozel (12)</label>
                        </div>


                                                         <div class="form-row" style="display: none;">
                            <input type="checkbox" name="value[]" onchange=" $('.filter-ajax-waiting').addClass('show');$(this).closest('form').submit();" id="frm-productFilter-brandConstraintForm-value-2820" value="2820" aria-label="!Vysoký Chlumec (4)">
                            <label for="frm-productFilter-brandConstraintForm-value-2820">Vysoký Chlumec (4)</label>
                        </div>


                                                         <div class="form-row" style="display: none;">
                            <input type="checkbox" name="value[]" onchange=" $('.filter-ajax-waiting').addClass('show');$(this).closest('form').submit();" id="frm-productFilter-brandConstraintForm-value-2956" value="2956" aria-label="!Všerad (5)">
                            <label for="frm-productFilter-brandConstraintForm-value-2956">Všerad (5)</label>
                        </div>


                                                         <div class="form-row" style="display: none;">
                            <input type="checkbox" name="value[]" onchange=" $('.filter-ajax-waiting').addClass('show');$(this).closest('form').submit();" id="frm-productFilter-brandConstraintForm-value-2885" value="2885" aria-label="!Weihenstephaner (4)">
                            <label for="frm-productFilter-brandConstraintForm-value-2885">Weihenstephaner (4)</label>
                        </div>


                            <div class="form-row">
                            <input type="checkbox" name="value[]" onchange=" $('.filter-ajax-waiting').addClass('show');$(this).closest('form').submit();" id="frm-productFilter-brandConstraintForm-value-438" value="438" aria-label="!Zlatopramen (13)">
                            <label for="frm-productFilter-brandConstraintForm-value-438">Zlatopramen (13)</label>
                        </div>


                                                         <div class="form-row" style="display: none;">
                            <input type="checkbox" name="value[]" onchange=" $('.filter-ajax-waiting').addClass('show');$(this).closest('form').submit();" id="frm-productFilter-brandConstraintForm-value-452" value="452" aria-label="!Zlatý Bažant (2)">
                            <label for="frm-productFilter-brandConstraintForm-value-452">Zlatý Bažant (2)</label>
                        </div>


                                                         <div class="form-row" style="display: none;">
                            <input type="checkbox" name="value[]" onchange=" $('.filter-ajax-waiting').addClass('show');$(this).closest('form').submit();" id="frm-productFilter-brandConstraintForm-value-2082" value="2082" aria-label="!Zubr (3)">
                            <label for="frm-productFilter-brandConstraintForm-value-2082">Zubr (3)</label>
                        </div>


                                                         <div class="form-row" style="display: none;">
                            <input type="checkbox" name="value[]" onchange=" $('.filter-ajax-waiting').addClass('show');$(this).closest('form').submit();" id="frm-productFilter-brandConstraintForm-value-2449" value="2449" aria-label="!hostan (1)">
                            <label for="frm-productFilter-brandConstraintForm-value-2449">hostan (1)</label>
                        </div>


                                                         <div class="form-row" style="display: none;">
                            <input type="checkbox" name="value[]" onchange=" $('.filter-ajax-waiting').addClass('show');$(this).closest('form').submit();" id="frm-productFilter-brandConstraintForm-value-2523" value="2523" aria-label="!Černá Hora (5)">
                            <label for="frm-productFilter-brandConstraintForm-value-2523">Černá Hora (5)</label>
                        </div>

																<a class="show-more-brands link-red">více značek</a>
																<a class="show-less-brands link-red" style="display: none;">méně značek</a>
                            <br><br>
                            <a class="link-red align-right" href="/napoje/pivo?do=productFilter-reset">zrušit filtr</a>
                </div>
                                <input type="hidden" name="do" value="productFilter-brandConstraintForm-submit">
        <!--[if IE]><input type=IEbug disabled style="display:none"><![endif]-->
</form>

</div>
                                                                    </div>
<script type="text/javascript" id="snippet-productFilter-scriptArea">
	$('.filter-more-result-column').hide();

//    $(document).ready(function () {
        $(document).ajaxComplete(function() {

            $('.filter-ajax-waiting').removeClass('show');


            var brandClass = 'show';
            var formRowClass = 'form-row';
            var filterCategoriesClass = 'filter-categories';
            var buttonsShowMoreClass = 'show-more-brands';
            var buttonsShowLessClass = 'show-less-brands';
            var filters = $('.filter-more-result');
            var defaultFilterInputs = {"brand":[1069,1705,433,434,442,438,3575,436,448,444]};

            function hideCheckboxes(rows, key) {

                if (rows.legnth <= 10) {
                    return;
                }

            rows.each(function (i, e) {
                var val = +$(e).find("input").val();
                var arr = defaultFilterInputs[key];

                if ($.inArray(val, arr) === -1) {
                    $(e).hide();
                }
            });
        }

            $('.' + buttonsShowMoreClass).on('click', function (e) {
                e.stopPropagation();

                var filterCategories = $(this).closest('.' + filterCategoriesClass);

                for (var key in defaultFilterInputs) {
                    if (defaultFilterInputs.hasOwnProperty(key)) {
                        if (filterCategories.attr("id") === "filter-" + key) {
                            continue;
                        }
                        var rows = $('#filter-' + key + ' .' + formRowClass);
                        hideCheckboxes(rows, key);
                        $('#filter-' + key + ' .' + buttonsShowMoreClass).show();
                    }
                }

                filterCategories
                        .find('.' + formRowClass)
                        .show();

                $('.' + buttonsShowLessClass).hide();

                filterCategories
                        .find('.' + buttonsShowLessClass)
                        .show();

                $(this).hide();
            });


            $('.' + buttonsShowLessClass).on('click', function (e) {
                e.stopPropagation();

                var filterCategories = $(this).closest('.' + filterCategoriesClass);
                var key = filterCategories.attr("id").split("-")[1];
                var rows = filterCategories.find('.' + formRowClass);

                hideCheckboxes(rows, key);

                filterCategories
                        .find('.' + buttonsShowMoreClass)
                        .show();

                $(this).hide();
            });

            filters.on('click', function(e){
                e.stopPropagation();
            });

            $('html, body').on('click', function(){
                filters.removeClass(brandClass);
            });

            $('.filter-more-result .kosik-modal-close').on('click', function () {
                filters.removeClass(brandClass);
            });

            $('.filter-constraint').each(function () {
                enableAutoSubmit('#' + $(this).attr('id'));
            });

            function enableAutoSubmit(selector) {

                if ($(selector).hasClass('filter-range')) {
                    $(document).on('mouseup', selector, function () {
                        $('.filter-ajax-waiting').addClass('show');
                        $(this).closest('form').submit();
                    });
                }

//                $(document).ajaxComplete(function(){
//                    $('.filter-ajax-waiting').removeClass('show');
//                })
            }
        });
//    });
</script>
				</div>
			</div>
		</div>

		<div class="region-products-popular">
		<div class="region region-carousel region-products no-aside product-widget">
			<div class="home-product-widget region-inner region-products-inner slick-carousel" data-open="3" data-close="4">
				<div class="block block-title">
					<h3>Pivo jako dárek</h3>
				</div>
<script async>

    var onProductModalDestroy = function() {

    	var pageData = window.dataLayer[0];

        pageData["event"] = "ga.pageview";
        pageData["pagePath"] = window.location.pathname;
        pageData["pageTitle"] = window.document.title;

	    dataLayer.push(pageData);
    };
</script>
<div class="block block-product-items product-items" data-ajax-append="product-item" id="snippet-productWidget-widgetCarousel-1-productListArea">
    <div id="product-append-25739" class="product-item">
        <div class="product-item-flags">
        </div>
        <div class="product-item-image">
                <a data-href="/napoje/pivo?productWidget-widgetCarousel-1-id=25739&amp;do=productWidget-widgetCarousel-1-modal"
                   data-target="productWidget-widgetCarousel-1-productModal"
                   data-product-id="25739"
                   data-product-price="489.9"
                   data-page-title="Maisel &amp; Friends dárkové balení 3x 0,75l + sklenice"
                   data-page-path="/produkt/25739-maisel-friends-darkove-baleni-3x-0-75l-sklenice"
                   data-user-id=""
                   aria-hidden="true"
                   data-kosikmodal-onclose="onProductModalDestroy"
                   onclick="kosikAjax.click(this, initModalCarousel(this))">
                    <img src="https://cdn.kosik.cz/content/product/jpg/list/placeholder.jpg" data-src="https://cdn.kosik.cz/content/product/jpg/list/43020.jpg" alt="Maisel &amp; Friends dárkové balení 3x 0,75l + sklenice" class="loading-images loading-image">
                </a>




        </div>
                <div class="product-item-info">
                <h5><a href="javascript:void(0)" aria-label="Maisel &amp; Friends dárkové balení 3x 0,75l + sklenice" data-href="/napoje/pivo?productWidget-widgetCarousel-1-id=25739&amp;do=productWidget-widgetCarousel-1-modal" class="product-name modal-link"
                   data-target="productWidget-widgetCarousel-1-productModal" onclick="kosikAjax.click(this, initModalCarousel(this))">
                    Maisel &amp; Friends dárkové balení 3x 0,75l + sklenice
                    
                </a></h5>
            <p class="product-item-price ">
                <span class="price-before-discount">
				</span>
                <strong class="price">489,90 Kč</strong>

            </p>
            <p class="product-item-unit">
                    (<strong class="price">699,90 Kč</strong> / l)
            </p>
                        <div class="product-list-rating">
            </div>
<div id="snippet-productWidget-widgetCarousel-1-buy-25739-quantity">        <div class="product-quantity-control">
            <form action="/napoje/pivo" method="post" class="ajax" id="frm-productWidget-widgetCarousel-1-buy-25739-quantityForm">
                <input type="text" name="quantity" size="3" id="frm-productWidget-widgetCarousel-1-buy-25739-quantityForm-quantity" data-nette-rules='[{"op":":integer","msg":"Množství musí být číslo."}]' value="1" aria-label="počet k přidání">
                <input type="submit" name="_submit" value="Přidat" class="product-quantity-control-submit plus" aria-label="přidat počet do košíku">
            <input type="hidden" name="do" value="productWidget-widgetCarousel-1-buy-25739-quantityForm-submit"><!--[if IE]><input type=IEbug disabled style="display:none"><![endif]-->
</form>

        </div>
</div>
                <p class="product-incart-info accessible">Produkt nemáte v košíku</p>


        </div>

        
    </div>
    <div id="product-append-49534" class="product-item">
        <div class="product-item-flags">
        </div>
        <div class="product-item-image">
                <a data-href="/napoje/pivo?productWidget-widgetCarousel-1-id=49534&amp;do=productWidget-widgetCarousel-1-modal"
                   data-target="productWidget-widgetCarousel-1-productModal"
                   data-product-id="49534"
                   data-product-price="139.9"
                   data-page-title="Staropramen Extra chmelená 12 Limitovaná edice, světlý ležák, sklo 8x0,5l"
                   data-page-path="/produkt/49534-staropramen-extra-chmelena-12-limitovana-edice-svetly-lezak-sklo-8x0-5l"
                   data-user-id=""
                   aria-hidden="true"
                   data-kosikmodal-onclose="onProductModalDestroy"
                   onclick="kosikAjax.click(this, initModalCarousel(this))">
                    <img src="https://cdn.kosik.cz/content/product/jpg/list/placeholder.jpg" data-src="https://cdn.kosik.cz/content/product/jpg/list/67099.jpg" alt="Staropramen Extra chmelená 12 Limitovaná edice, světlý ležák, sklo 8x0,5l" class="loading-images loading-image">
                </a>




        </div>
                <div class="product-item-info">
                <h5><a href="javascript:void(0)" aria-label="Staropramen Extra chmelená 12 Limitovaná edice, světlý ležák, sklo 8x0,5l" data-href="/napoje/pivo?productWidget-widgetCarousel-1-id=49534&amp;do=productWidget-widgetCarousel-1-modal" class="product-name modal-link"
                   data-target="productWidget-widgetCarousel-1-productModal" onclick="kosikAjax.click(this, initModalCarousel(this))">
                    Staropramen Extra chmelená 12 Limitovaná edice, světlý ležák, sklo 8x0,5l
                    
                </a></h5>
            <p class="product-item-price ">
                <span class="price-before-discount">
				</span>
                <strong class="price">139,90 Kč</strong>

            </p>
            <p class="product-item-unit">
                    (<strong class="price">35,00 Kč</strong> / l)
            </p>
                        <div class="product-list-rating">
            </div>
<div id="snippet-productWidget-widgetCarousel-1-buy-49534-quantity">        <div class="product-quantity-control">
            <form action="/napoje/pivo" method="post" class="ajax" id="frm-productWidget-widgetCarousel-1-buy-49534-quantityForm">
                <input type="text" name="quantity" size="3" id="frm-productWidget-widgetCarousel-1-buy-49534-quantityForm-quantity" data-nette-rules='[{"op":":integer","msg":"Množství musí být číslo."}]' value="1" aria-label="počet k přidání">
                <input type="submit" name="_submit" value="Přidat" class="product-quantity-control-submit plus" aria-label="přidat počet do košíku">
            <input type="hidden" name="do" value="productWidget-widgetCarousel-1-buy-49534-quantityForm-submit"><!--[if IE]><input type=IEbug disabled style="display:none"><![endif]-->
</form>

        </div>
</div>
                <p class="product-incart-info accessible">Produkt nemáte v košíku</p>


        </div>

        
    </div>
    <div id="product-append-51226" class="product-item">
        <div class="product-item-flags">
        </div>
        <div class="product-item-image">
                <a data-href="/napoje/pivo?productWidget-widgetCarousel-1-id=51226&amp;do=productWidget-widgetCarousel-1-modal"
                   data-target="productWidget-widgetCarousel-1-productModal"
                   data-product-id="51226"
                   data-product-price="129.9"
                   data-page-title="Kutná Hora Dárkový 4pack piv 4x0,5l"
                   data-page-path="/produkt/51226-kutna-hora-darkovy-4pack-piv-4x0-5l"
                   data-user-id=""
                   aria-hidden="true"
                   data-kosikmodal-onclose="onProductModalDestroy"
                   onclick="kosikAjax.click(this, initModalCarousel(this))">
                    <img src="https://cdn.kosik.cz/content/product/jpg/list/placeholder.jpg" data-src="https://cdn.kosik.cz/content/product/jpg/list/68780.jpg" alt="Kutná Hora Dárkový 4pack piv 4x0,5l" class="loading-images loading-image">
                </a>




        </div>
                <div class="product-item-info">
                <h5><a href="javascript:void(0)" aria-label="Kutná Hora Dárkový 4pack piv 4x0,5l" data-href="/napoje/pivo?productWidget-widgetCarousel-1-id=51226&amp;do=productWidget-widgetCarousel-1-modal" class="product-name modal-link"
                   data-target="productWidget-widgetCarousel-1-productModal" onclick="kosikAjax.click(this, initModalCarousel(this))">
                    Kutná Hora Dárkový 4pack piv 4x0,5l
                    
                </a></h5>
            <p class="product-item-price ">
                <span class="price-before-discount">
				</span>
                <strong class="price">129,90 Kč</strong>

            </p>
            <p class="product-item-unit">
                    (<strong class="price">65,00 Kč</strong> / l)
            </p>
                        <div class="product-list-rating">
            </div>
<div id="snippet-productWidget-widgetCarousel-1-buy-51226-quantity">        <div class="product-quantity-control">
            <form action="/napoje/pivo" method="post" class="ajax" id="frm-productWidget-widgetCarousel-1-buy-51226-quantityForm">
                <input type="text" name="quantity" size="3" id="frm-productWidget-widgetCarousel-1-buy-51226-quantityForm-quantity" data-nette-rules='[{"op":":integer","msg":"Množství musí být číslo."}]' value="1" aria-label="počet k přidání">
                <input type="submit" name="_submit" value="Přidat" class="product-quantity-control-submit plus" aria-label="přidat počet do košíku">
            <input type="hidden" name="do" value="productWidget-widgetCarousel-1-buy-51226-quantityForm-submit"><!--[if IE]><input type=IEbug disabled style="display:none"><![endif]-->
</form>

        </div>
</div>
                <p class="product-incart-info accessible">Produkt nemáte v košíku</p>


        </div>

        
    </div>
    <div id="product-append-51227" class="product-item">
        <div class="product-item-flags">
        </div>
        <div class="product-item-image">
                <a data-href="/napoje/pivo?productWidget-widgetCarousel-1-id=51227&amp;do=productWidget-widgetCarousel-1-modal"
                   data-target="productWidget-widgetCarousel-1-productModal"
                   data-product-id="51227"
                   data-product-price="139.9"
                   data-page-title="Vánoční zámecký výběr pivovaru Břeclav 4x0,5l"
                   data-page-path="/produkt/51227-vanocni-zamecky-vyber-pivovaru-breclav-4x0-5l"
                   data-user-id=""
                   aria-hidden="true"
                   data-kosikmodal-onclose="onProductModalDestroy"
                   onclick="kosikAjax.click(this, initModalCarousel(this))">
                    <img src="https://cdn.kosik.cz/content/product/jpg/list/placeholder.jpg" data-src="https://cdn.kosik.cz/content/product/jpg/list/68781.jpg" alt="Vánoční zámecký výběr pivovaru Břeclav 4x0,5l" class="loading-images loading-image">
                </a>




        </div>
                <div class="product-item-info">
                <h5><a href="javascript:void(0)" aria-label="Vánoční zámecký výběr pivovaru Břeclav 4x0,5l" data-href="/napoje/pivo?productWidget-widgetCarousel-1-id=51227&amp;do=productWidget-widgetCarousel-1-modal" class="product-name modal-link"
                   data-target="productWidget-widgetCarousel-1-productModal" onclick="kosikAjax.click(this, initModalCarousel(this))">
                    Vánoční zámecký výběr pivovaru Břeclav 4x0,5l
                    
                </a></h5>
            <p class="product-item-price ">
                <span class="price-before-discount">
				</span>
                <strong class="price">139,90 Kč</strong>

            </p>
            <p class="product-item-unit">
                    (<strong class="price">70,00 Kč</strong> / l)
            </p>
                        <div class="product-list-rating">
            </div>
<div id="snippet-productWidget-widgetCarousel-1-buy-51227-quantity">        <div class="product-quantity-control">
            <form action="/napoje/pivo" method="post" class="ajax" id="frm-productWidget-widgetCarousel-1-buy-51227-quantityForm">
                <input type="text" name="quantity" size="3" id="frm-productWidget-widgetCarousel-1-buy-51227-quantityForm-quantity" data-nette-rules='[{"op":":integer","msg":"Množství musí být číslo."}]' value="1" aria-label="počet k přidání">
                <input type="submit" name="_submit" value="Přidat" class="product-quantity-control-submit plus" aria-label="přidat počet do košíku">
            <input type="hidden" name="do" value="productWidget-widgetCarousel-1-buy-51227-quantityForm-submit"><!--[if IE]><input type=IEbug disabled style="display:none"><![endif]-->
</form>

        </div>
</div>
                <p class="product-incart-info accessible">Produkt nemáte v košíku</p>


        </div>

        
    </div>
    <div id="product-append-50803" class="product-item">
        <div class="product-item-flags">
        </div>
        <div class="product-item-image">
                <a data-href="/napoje/pivo?productWidget-widgetCarousel-1-id=50803&amp;do=productWidget-widgetCarousel-1-modal"
                   data-target="productWidget-widgetCarousel-1-productModal"
                   data-product-id="50803"
                   data-product-price="129.9"
                   data-page-title="Hoegaarden Roseé 0,75l"
                   data-page-path="/produkt/50803-hoegaarden-rosee-0-75l"
                   data-user-id=""
                   aria-hidden="true"
                   data-kosikmodal-onclose="onProductModalDestroy"
                   onclick="kosikAjax.click(this, initModalCarousel(this))">
                    <img src="https://cdn.kosik.cz/content/product/jpg/list/placeholder.jpg" data-src="https://cdn.kosik.cz/content/product/jpg/list/68329.jpg" alt="Hoegaarden Roseé 0,75l" class="loading-images loading-image">
                </a>




        </div>
                <div class="product-item-info">
                <h5><a href="javascript:void(0)" aria-label="Hoegaarden Roseé 0,75l" data-href="/napoje/pivo?productWidget-widgetCarousel-1-id=50803&amp;do=productWidget-widgetCarousel-1-modal" class="product-name modal-link"
                   data-target="productWidget-widgetCarousel-1-productModal" onclick="kosikAjax.click(this, initModalCarousel(this))">
                    Hoegaarden Roseé 0,75l
                    
                </a></h5>
            <p class="product-item-price ">
                <span class="price-before-discount">
				</span>
                <strong class="price">129,90 Kč</strong>

            </p>
            <p class="product-item-unit">
                    (<strong class="price">173,20 Kč</strong> / l)
            </p>
                        <div class="product-list-rating">
            </div>
<div id="snippet-productWidget-widgetCarousel-1-buy-50803-quantity">        <div class="product-quantity-control">
            <form action="/napoje/pivo" method="post" class="ajax" id="frm-productWidget-widgetCarousel-1-buy-50803-quantityForm">
                <input type="text" name="quantity" size="3" id="frm-productWidget-widgetCarousel-1-buy-50803-quantityForm-quantity" data-nette-rules='[{"op":":integer","msg":"Množství musí být číslo."}]' value="1" aria-label="počet k přidání">
                <input type="submit" name="_submit" value="Přidat" class="product-quantity-control-submit plus" aria-label="přidat počet do košíku">
            <input type="hidden" name="do" value="productWidget-widgetCarousel-1-buy-50803-quantityForm-submit"><!--[if IE]><input type=IEbug disabled style="display:none"><![endif]-->
</form>

        </div>
</div>
                <p class="product-incart-info accessible">Produkt nemáte v košíku</p>


        </div>

        
    </div>
    <div id="product-append-52650" class="product-item">
        <div class="product-item-flags">
        </div>
        <div class="product-item-image">
                <a data-href="/napoje/pivo?productWidget-widgetCarousel-1-id=52650&amp;do=productWidget-widgetCarousel-1-modal"
                   data-target="productWidget-widgetCarousel-1-productModal"
                   data-product-id="52650"
                   data-product-price="129"
                   data-page-title="Cider Magnetic Apple (Original, Premium, Chmel) - dárkové balení 3x0,33l"
                   data-page-path="/produkt/52650-cider-magnetic-apple-original-premium-chmel-darkove-baleni-3x0-33l"
                   data-user-id=""
                   aria-hidden="true"
                   data-kosikmodal-onclose="onProductModalDestroy"
                   onclick="kosikAjax.click(this, initModalCarousel(this))">
                    <img src="https://cdn.kosik.cz/content/product/jpg/list/placeholder.jpg" data-src="https://cdn.kosik.cz/content/product/jpg/list/70261.jpg" alt="Cider Magnetic Apple (Original, Premium, Chmel) - dárkové balení 3x0,33l" class="loading-images loading-image">
                </a>




        </div>
                <div class="product-item-info">
                <h5><a href="javascript:void(0)" aria-label="Cider Magnetic Apple (Original, Premium, Chmel) - dárkové balení 3x0,33l" data-href="/napoje/pivo?productWidget-widgetCarousel-1-id=52650&amp;do=productWidget-widgetCarousel-1-modal" class="product-name modal-link"
                   data-target="productWidget-widgetCarousel-1-productModal" onclick="kosikAjax.click(this, initModalCarousel(this))">
                    Cider Magnetic Apple (Original, Premium, Chmel) - dárkové balení 3x0,33l
                    
                </a></h5>
            <p class="product-item-price ">
                <span class="price-before-discount">
				</span>
                <strong class="price">129,00 Kč</strong>

            </p>
            <p class="product-item-unit">
                    (<strong class="price">390,90 Kč</strong> / l)
            </p>
                        <div class="product-list-rating">
            </div>
<div id="snippet-productWidget-widgetCarousel-1-buy-52650-quantity">        <div class="product-quantity-control">
            <form action="/napoje/pivo" method="post" class="ajax" id="frm-productWidget-widgetCarousel-1-buy-52650-quantityForm">
                <input type="text" name="quantity" size="3" id="frm-productWidget-widgetCarousel-1-buy-52650-quantityForm-quantity" data-nette-rules='[{"op":":integer","msg":"Množství musí být číslo."}]' value="1" aria-label="počet k přidání">
                <input type="submit" name="_submit" value="Přidat" class="product-quantity-control-submit plus" aria-label="přidat počet do košíku">
            <input type="hidden" name="do" value="productWidget-widgetCarousel-1-buy-52650-quantityForm-submit"><!--[if IE]><input type=IEbug disabled style="display:none"><![endif]-->
</form>

        </div>
</div>
                <p class="product-incart-info accessible">Produkt nemáte v košíku</p>


        </div>

        
    </div>
    <div id="product-append-52649" class="product-item">
        <div class="product-item-flags">
        </div>
        <div class="product-item-image">
                <a data-href="/napoje/pivo?productWidget-widgetCarousel-1-id=52649&amp;do=productWidget-widgetCarousel-1-modal"
                   data-target="productWidget-widgetCarousel-1-productModal"
                   data-product-id="52649"
                   data-product-price="129"
                   data-page-title="Cider Magnetic Apple (Original, Premium, Višeň) - dárkové balení 3x0,33l"
                   data-page-path="/produkt/52649-cider-magnetic-apple-original-premium-visen-darkove-baleni-3x0-33l"
                   data-user-id=""
                   aria-hidden="true"
                   data-kosikmodal-onclose="onProductModalDestroy"
                   onclick="kosikAjax.click(this, initModalCarousel(this))">
                    <img src="https://cdn.kosik.cz/content/product/jpg/list/placeholder.jpg" data-src="https://cdn.kosik.cz/content/product/jpg/list/70260.jpg" alt="Cider Magnetic Apple (Original, Premium, Višeň) - dárkové balení 3x0,33l" class="loading-images loading-image">
                </a>




        </div>
                <div class="product-item-info">
                <h5><a href="javascript:void(0)" aria-label="Cider Magnetic Apple (Original, Premium, Višeň) - dárkové balení 3x0,33l" data-href="/napoje/pivo?productWidget-widgetCarousel-1-id=52649&amp;do=productWidget-widgetCarousel-1-modal" class="product-name modal-link"
                   data-target="productWidget-widgetCarousel-1-productModal" onclick="kosikAjax.click(this, initModalCarousel(this))">
                    Cider Magnetic Apple (Original, Premium, Višeň) - dárkové balení 3x0,33l
                    <br><span class="new-product">Novinka</span>
                </a></h5>
            <p class="product-item-price ">
                <span class="price-before-discount">
				</span>
                <strong class="price">129,00 Kč</strong>

            </p>
            <p class="product-item-unit">
                    (<strong class="price">390,90 Kč</strong> / l)
            </p>
                        <div class="product-list-rating">
            </div>
<div id="snippet-productWidget-widgetCarousel-1-buy-52649-quantity">        <div class="product-quantity-control">
            <form action="/napoje/pivo" method="post" class="ajax" id="frm-productWidget-widgetCarousel-1-buy-52649-quantityForm">
                <input type="text" name="quantity" size="3" id="frm-productWidget-widgetCarousel-1-buy-52649-quantityForm-quantity" data-nette-rules='[{"op":":integer","msg":"Množství musí být číslo."}]' value="1" aria-label="počet k přidání">
                <input type="submit" name="_submit" value="Přidat" class="product-quantity-control-submit plus" aria-label="přidat počet do košíku">
            <input type="hidden" name="do" value="productWidget-widgetCarousel-1-buy-52649-quantityForm-submit"><!--[if IE]><input type=IEbug disabled style="display:none"><![endif]-->
</form>

        </div>
</div>
                <p class="product-incart-info accessible">Produkt nemáte v košíku</p>


        </div>

        
    </div>
</div>

<div class="kosik-modal-overlay product-modal" id="productWidget-widgetCarousel-1-productModal" role="dialog">
    <div class="kosik-modal-inner large super-scaled" id="snippet-productWidget-widgetCarousel-1-productModalArea">
    </div>
</div>


<div class="kosik-modal-overlay" id="productWidget-widgetCarousel-1-productSetModal" role="dialog">
    <div class="kosik-modal-inner large super-scaled" id="snippet-productWidget-widgetCarousel-1-productSetModalArea">
    </div>
</div>
			</div>
		</div>
		<div class="region region-carousel region-products no-aside product-widget">
			<div class="home-product-widget region-inner region-products-inner slick-carousel" data-open="3" data-close="4">
				<div class="block block-title">
					<h3>Doporučujeme</h3>
				</div>
<script async>

    var onProductModalDestroy = function() {

    	var pageData = window.dataLayer[0];

        pageData["event"] = "ga.pageview";
        pageData["pagePath"] = window.location.pathname;
        pageData["pageTitle"] = window.document.title;

	    dataLayer.push(pageData);
    };
</script>
<div class="block block-product-items product-items" data-ajax-append="product-item" id="snippet-productWidget-widgetCarousel-2-productListArea">
    <div id="product-append-32241" class="product-item">
        <div class="product-item-flags">
            <div class="flag-sale ">
                <span class="percents">27<small>&#37;</small></span>
            </div>
        </div>
        <div class="product-item-image">
                <a data-href="/napoje/pivo?productWidget-widgetCarousel-2-id=32241&amp;do=productWidget-widgetCarousel-2-modal"
                   data-target="productWidget-widgetCarousel-2-productModal"
                   data-product-id="32241"
                   data-product-price="54.9"
                   data-page-title="Guinness Stout Draught, tmavé svrchně kvašené, plech 0,44l"
                   data-page-path="/produkt/32241-guinness-stout-draught-tmave-svrchne-kvasene-plech-0-44l"
                   data-user-id=""
                   aria-hidden="true"
                   data-kosikmodal-onclose="onProductModalDestroy"
                   onclick="kosikAjax.click(this, initModalCarousel(this))">
                    <img src="https://cdn.kosik.cz/content/product/jpg/list/placeholder.jpg" data-src="https://cdn.kosik.cz/content/product/jpg/list/49718.jpg" alt="Guinness Stout Draught, tmavé svrchně kvašené, plech 0,44l" class="loading-images loading-image">
                </a>




        </div>
                <div class="product-item-info">
                <h5><a href="javascript:void(0)" aria-label="Guinness Stout Draught, tmavé svrchně kvašené, plech 0,44l" data-href="/napoje/pivo?productWidget-widgetCarousel-2-id=32241&amp;do=productWidget-widgetCarousel-2-modal" class="product-name modal-link"
                   data-target="productWidget-widgetCarousel-2-productModal" onclick="kosikAjax.click(this, initModalCarousel(this))">
                    Guinness Stout Draught, tmavé svrchně kvašené, plech 0,44l
                    
                </a></h5>
            <p class="product-item-price product-in-discount">
                <span class="price-before-discount">
					<span><strong class="price">54,90 Kč</strong></span>
				</span>
                <strong class="price">39,90 Kč</strong>

            </p>
            <p class="product-item-unit">
                    (<strong class="price">90,70 Kč</strong> / l)
            </p>
                        <div class="product-list-rating">
            </div>
<div id="snippet-productWidget-widgetCarousel-2-buy-32241-quantity">        <div class="product-quantity-control">
            <form action="/napoje/pivo" method="post" class="ajax" id="frm-productWidget-widgetCarousel-2-buy-32241-quantityForm">
                <input type="text" name="quantity" size="3" id="frm-productWidget-widgetCarousel-2-buy-32241-quantityForm-quantity" data-nette-rules='[{"op":":integer","msg":"Množství musí být číslo."}]' value="1" aria-label="počet k přidání">
                <input type="submit" name="_submit" value="Přidat" class="product-quantity-control-submit plus" aria-label="přidat počet do košíku">
            <input type="hidden" name="do" value="productWidget-widgetCarousel-2-buy-32241-quantityForm-submit"><!--[if IE]><input type=IEbug disabled style="display:none"><![endif]-->
</form>

        </div>
</div>
                <p class="product-incart-info accessible">Produkt nemáte v košíku</p>


        </div>

        
    </div>
    <div id="product-append-19819" class="product-item">
        <div class="product-item-flags">
            <div class="flag-sale ">
                <span class="percents">26<small>&#37;</small></span>
            </div>
        </div>
        <div class="product-item-image">
                <a data-href="/napoje/pivo?productWidget-widgetCarousel-2-id=19819&amp;do=productWidget-widgetCarousel-2-modal"
                   data-target="productWidget-widgetCarousel-2-productModal"
                   data-product-id="19819"
                   data-product-price="18.9"
                   data-page-title="Ferdinand Sedm Kulí 13, speciální polotmavé, sklo 0,5l"
                   data-page-path="/produkt/19819-ferdinand-sedm-kuli-13-specialni-polotmave-sklo-0-5l"
                   data-user-id=""
                   aria-hidden="true"
                   data-kosikmodal-onclose="onProductModalDestroy"
                   onclick="kosikAjax.click(this, initModalCarousel(this))">
                    <img src="https://cdn.kosik.cz/content/product/jpg/list/placeholder.jpg" data-src="https://cdn.kosik.cz/content/product/jpg/list/37071.jpg" alt="Ferdinand Sedm Kulí 13, speciální polotmavé, sklo 0,5l" class="loading-images loading-image">
                </a>




        </div>
                <div class="product-item-info">
                <h5><a href="javascript:void(0)" aria-label="Ferdinand Sedm Kulí 13, speciální polotmavé, sklo 0,5l" data-href="/napoje/pivo?productWidget-widgetCarousel-2-id=19819&amp;do=productWidget-widgetCarousel-2-modal" class="product-name modal-link"
                   data-target="productWidget-widgetCarousel-2-productModal" onclick="kosikAjax.click(this, initModalCarousel(this))">
                    Ferdinand Sedm Kulí 13, speciální polotmavé, sklo 0,5l
                    
                </a></h5>
            <p class="product-item-price product-in-discount">
                <span class="price-before-discount">
					<span><strong class="price">18,90 Kč</strong></span>
				</span>
                <strong class="price">13,90 Kč</strong>

            </p>
            <p class="product-item-unit">
                    (<strong class="price">27,80 Kč</strong> / l)
            </p>
                        <div class="product-list-rating">
            </div>
<div id="snippet-productWidget-widgetCarousel-2-buy-19819-quantity">        <div class="product-quantity-control">
            <form action="/napoje/pivo" method="post" class="ajax" id="frm-productWidget-widgetCarousel-2-buy-19819-quantityForm">
                <input type="text" name="quantity" size="3" id="frm-productWidget-widgetCarousel-2-buy-19819-quantityForm-quantity" data-nette-rules='[{"op":":integer","msg":"Množství musí být číslo."}]' value="1" aria-label="počet k přidání">
                <input type="submit" name="_submit" value="Přidat" class="product-quantity-control-submit plus" aria-label="přidat počet do košíku">
            <input type="hidden" name="do" value="productWidget-widgetCarousel-2-buy-19819-quantityForm-submit"><!--[if IE]><input type=IEbug disabled style="display:none"><![endif]-->
</form>

        </div>
</div>
                <p class="product-incart-info accessible">Produkt nemáte v košíku</p>


        </div>

        
    </div>
    <div id="product-append-17290" class="product-item">
        <div class="product-item-flags">
            <div class="flag-sale ">
                <span class="percents">27<small>&#37;</small></span>
            </div>
        </div>
        <div class="product-item-image">
                <a data-href="/napoje/pivo?productWidget-widgetCarousel-2-id=17290&amp;do=productWidget-widgetCarousel-2-modal"
                   data-target="productWidget-widgetCarousel-2-productModal"
                   data-product-id="17290"
                   data-product-price="21.9"
                   data-page-title="Strongbow Zlaté jablko, plech 0,4l"
                   data-page-path="/produkt/17290-strongbow-zlate-jablko-plech-0-4l"
                   data-user-id=""
                   aria-hidden="true"
                   data-kosikmodal-onclose="onProductModalDestroy"
                   onclick="kosikAjax.click(this, initModalCarousel(this))">
                    <img src="https://cdn.kosik.cz/content/product/jpg/list/placeholder.jpg" data-src="https://cdn.kosik.cz/content/product/jpg/list/34567.jpg" alt="Strongbow Zlaté jablko, plech 0,4l" class="loading-images loading-image">
                </a>




        </div>
                <div class="product-item-info">
                <h5><a href="javascript:void(0)" aria-label="Strongbow Zlaté jablko, plech 0,4l" data-href="/napoje/pivo?productWidget-widgetCarousel-2-id=17290&amp;do=productWidget-widgetCarousel-2-modal" class="product-name modal-link"
                   data-target="productWidget-widgetCarousel-2-productModal" onclick="kosikAjax.click(this, initModalCarousel(this))">
                    Strongbow Zlaté jablko, plech 0,4l
                    
                </a></h5>
            <p class="product-item-price product-in-discount">
                <span class="price-before-discount">
					<span><strong class="price">21,90 Kč</strong></span>
				</span>
                <strong class="price">15,90 Kč</strong>

            </p>
            <p class="product-item-unit">
                    (<strong class="price">39,80 Kč</strong> / l)
            </p>
                        <div class="product-list-rating">
            </div>
<div id="snippet-productWidget-widgetCarousel-2-buy-17290-quantity">        <div class="product-quantity-control">
            <form action="/napoje/pivo" method="post" class="ajax" id="frm-productWidget-widgetCarousel-2-buy-17290-quantityForm">
                <input type="text" name="quantity" size="3" id="frm-productWidget-widgetCarousel-2-buy-17290-quantityForm-quantity" data-nette-rules='[{"op":":integer","msg":"Množství musí být číslo."}]' value="1" aria-label="počet k přidání">
                <input type="submit" name="_submit" value="Přidat" class="product-quantity-control-submit plus" aria-label="přidat počet do košíku">
            <input type="hidden" name="do" value="productWidget-widgetCarousel-2-buy-17290-quantityForm-submit"><!--[if IE]><input type=IEbug disabled style="display:none"><![endif]-->
</form>

        </div>
</div>
                <p class="product-incart-info accessible">Produkt nemáte v košíku</p>


        </div>

        
    </div>
    <div id="product-append-38657" class="product-item">
        <div class="product-item-flags">
            <div class="flag-sale ">
                <span class="percents">17<small>&#37;</small></span>
            </div>
        </div>
        <div class="product-item-image">
                <a data-href="/napoje/pivo?productWidget-widgetCarousel-2-id=38657&amp;do=productWidget-widgetCarousel-2-modal"
                   data-target="productWidget-widgetCarousel-2-productModal"
                   data-product-id="38657"
                   data-product-price="149"
                   data-page-title="Somersby Apple Cider 6x330ml"
                   data-page-path="/produkt/38657-somersby-apple-cider-6x330ml"
                   data-user-id=""
                   aria-hidden="true"
                   data-kosikmodal-onclose="onProductModalDestroy"
                   onclick="kosikAjax.click(this, initModalCarousel(this))">
                    <img src="https://cdn.kosik.cz/content/product/jpg/list/placeholder.jpg" data-src="https://cdn.kosik.cz/content/product/jpg/list/56372.jpg" alt="Somersby Apple Cider 6x330ml" class="loading-images loading-image">
                </a>




        </div>
                <div class="product-item-info">
                <h5><a href="javascript:void(0)" aria-label="Somersby Apple Cider 6x330ml" data-href="/napoje/pivo?productWidget-widgetCarousel-2-id=38657&amp;do=productWidget-widgetCarousel-2-modal" class="product-name modal-link"
                   data-target="productWidget-widgetCarousel-2-productModal" onclick="kosikAjax.click(this, initModalCarousel(this))">
                    Somersby Apple Cider 6x330ml
                    
                </a></h5>
            <p class="product-item-price product-in-discount">
                <span class="price-before-discount">
					<span><strong class="price">149,00 Kč</strong></span>
				</span>
                <strong class="price">124,00 Kč</strong>

            </p>
            <p class="product-item-unit">
                    (<strong class="price">0,10 Kč</strong> / l)
            </p>
                        <div class="product-list-rating">
            </div>
<div id="snippet-productWidget-widgetCarousel-2-buy-38657-quantity">        <div class="product-quantity-control">
            <form action="/napoje/pivo" method="post" class="ajax" id="frm-productWidget-widgetCarousel-2-buy-38657-quantityForm">
                <input type="text" name="quantity" size="3" id="frm-productWidget-widgetCarousel-2-buy-38657-quantityForm-quantity" data-nette-rules='[{"op":":integer","msg":"Množství musí být číslo."}]' value="1" aria-label="počet k přidání">
                <input type="submit" name="_submit" value="Přidat" class="product-quantity-control-submit plus" aria-label="přidat počet do košíku">
            <input type="hidden" name="do" value="productWidget-widgetCarousel-2-buy-38657-quantityForm-submit"><!--[if IE]><input type=IEbug disabled style="display:none"><![endif]-->
</form>

        </div>
</div>
                <p class="product-incart-info accessible">Produkt nemáte v košíku</p>


        </div>

        
    </div>
    <div id="product-append-51521" class="product-item">
        <div class="product-item-flags">
        </div>
        <div class="product-item-image">
                <a data-href="/napoje/pivo?productWidget-widgetCarousel-2-id=51521&amp;do=productWidget-widgetCarousel-2-modal"
                   data-target="productWidget-widgetCarousel-2-productModal"
                   data-product-id="51521"
                   data-product-price="499"
                   data-page-title="Cider Magnetic Apple Premium (neperlivý), BIB 5L"
                   data-page-path="/produkt/51521-cider-magnetic-apple-premium-neperlivy-bib-5l"
                   data-user-id=""
                   aria-hidden="true"
                   data-kosikmodal-onclose="onProductModalDestroy"
                   onclick="kosikAjax.click(this, initModalCarousel(this))">
                    <img src="https://cdn.kosik.cz/content/product/jpg/list/placeholder.jpg" data-src="https://cdn.kosik.cz/content/product/jpg/list/69090.jpg" alt="Cider Magnetic Apple Premium (neperlivý), BIB 5L" class="loading-images loading-image">
                </a>




        </div>
                <div class="product-item-info">
                <h5><a href="javascript:void(0)" aria-label="Cider Magnetic Apple Premium (neperlivý), BIB 5L" data-href="/napoje/pivo?productWidget-widgetCarousel-2-id=51521&amp;do=productWidget-widgetCarousel-2-modal" class="product-name modal-link"
                   data-target="productWidget-widgetCarousel-2-productModal" onclick="kosikAjax.click(this, initModalCarousel(this))">
                    Cider Magnetic Apple Premium (neperlivý), BIB 5L
                    <br><span class="new-product">Novinka</span>
                </a></h5>
            <p class="product-item-price ">
                <span class="price-before-discount">
				</span>
                <strong class="price">499,00 Kč</strong>

            </p>
            <p class="product-item-unit">
                    (<strong class="price">99,80 Kč</strong> / l)
            </p>
                        <div class="product-list-rating">
            </div>
<div id="snippet-productWidget-widgetCarousel-2-buy-51521-quantity">        <div class="product-quantity-control">
            <form action="/napoje/pivo" method="post" class="ajax" id="frm-productWidget-widgetCarousel-2-buy-51521-quantityForm">
                <input type="text" name="quantity" size="3" id="frm-productWidget-widgetCarousel-2-buy-51521-quantityForm-quantity" data-nette-rules='[{"op":":integer","msg":"Množství musí být číslo."}]' value="1" aria-label="počet k přidání">
                <input type="submit" name="_submit" value="Přidat" class="product-quantity-control-submit plus" aria-label="přidat počet do košíku">
            <input type="hidden" name="do" value="productWidget-widgetCarousel-2-buy-51521-quantityForm-submit"><!--[if IE]><input type=IEbug disabled style="display:none"><![endif]-->
</form>

        </div>
</div>
                <p class="product-incart-info accessible">Produkt nemáte v košíku</p>


        </div>

        
    </div>
    <div id="product-append-51686" class="product-item">
        <div class="product-item-flags">
            <div class="flag-sale ">
                <span class="percents">21<small>&#37;</small></span>
            </div>
        </div>
        <div class="product-item-image">
                <a data-href="/napoje/pivo?productWidget-widgetCarousel-2-id=51686&amp;do=productWidget-widgetCarousel-2-modal"
                   data-target="productWidget-widgetCarousel-2-productModal"
                   data-product-id="51686"
                   data-product-price="18.9"
                   data-page-title="Samson 12, tmavý ležák, sklo 0,5l"
                   data-page-path="/produkt/51686-samson-12-tmavy-lezak-sklo-0-5l"
                   data-user-id=""
                   aria-hidden="true"
                   data-kosikmodal-onclose="onProductModalDestroy"
                   onclick="kosikAjax.click(this, initModalCarousel(this))">
                    <img src="https://cdn.kosik.cz/content/product/jpg/list/placeholder.jpg" data-src="https://cdn.kosik.cz/content/product/jpg/list/69260.jpg" alt="Samson 12, tmavý ležák, sklo 0,5l" class="loading-images loading-image">
                </a>




        </div>
                <div class="product-item-info">
                <h5><a href="javascript:void(0)" aria-label="Samson 12, tmavý ležák, sklo 0,5l" data-href="/napoje/pivo?productWidget-widgetCarousel-2-id=51686&amp;do=productWidget-widgetCarousel-2-modal" class="product-name modal-link"
                   data-target="productWidget-widgetCarousel-2-productModal" onclick="kosikAjax.click(this, initModalCarousel(this))">
                    Samson 12, tmavý ležák, sklo 0,5l
                    <br><span class="new-product">Novinka</span>
                </a></h5>
            <p class="product-item-price product-in-discount">
                <span class="price-before-discount">
					<span><strong class="price">18,90 Kč</strong></span>
				</span>
                <strong class="price">14,90 Kč</strong>

            </p>
            <p class="product-item-unit">
                    (<strong class="price">29,80 Kč</strong> / l)
            </p>
                        <div class="product-list-rating">
            </div>
<div id="snippet-productWidget-widgetCarousel-2-buy-51686-quantity">        <div class="product-quantity-control">
            <form action="/napoje/pivo" method="post" class="ajax" id="frm-productWidget-widgetCarousel-2-buy-51686-quantityForm">
                <input type="text" name="quantity" size="3" id="frm-productWidget-widgetCarousel-2-buy-51686-quantityForm-quantity" data-nette-rules='[{"op":":integer","msg":"Množství musí být číslo."}]' value="1" aria-label="počet k přidání">
                <input type="submit" name="_submit" value="Přidat" class="product-quantity-control-submit plus" aria-label="přidat počet do košíku">
            <input type="hidden" name="do" value="productWidget-widgetCarousel-2-buy-51686-quantityForm-submit"><!--[if IE]><input type=IEbug disabled style="display:none"><![endif]-->
</form>

        </div>
</div>
                <p class="product-incart-info accessible">Produkt nemáte v košíku</p>


        </div>

        
    </div>
</div>

<div class="kosik-modal-overlay product-modal" id="productWidget-widgetCarousel-2-productModal" role="dialog">
    <div class="kosik-modal-inner large super-scaled" id="snippet-productWidget-widgetCarousel-2-productModalArea">
    </div>
</div>


<div class="kosik-modal-overlay" id="productWidget-widgetCarousel-2-productSetModal" role="dialog">
    <div class="kosik-modal-inner large super-scaled" id="snippet-productWidget-widgetCarousel-2-productSetModalArea">
    </div>
</div>
			</div>
		</div>

			<div class="region region-title-afinity-select no-aside clearfix" role="main">
				<div class="region-inner region-title-afinity-select-inner">
																					<div class="block block-title">
						<h1>Pivo</h1>
					</div>
					<div id="snippet--primaryFilterArea">
<form action="/napoje/pivo" method="post" class="ajax" id="frm-productPrimaryFilter-constraintForm">
<div class="block block-afinity-groups">
	<div class="afinity-group" tabindex="0">
		<label for="noAleurone">
			<input type="checkbox" id="noAleurone" value="noAleurone" name="noAleurone" onchange='$(this).closest("form").submit();'>
			<div class="group-icon strike-through"><span class="icon-afinity-Wheat"></span></div>
			<span class="group-name">Bez lepku</span>
		</label>
	</div>
	<div class="afinity-group" tabindex="0">
		<label for="noLactose">
			<input type="checkbox" id="noLactose" value="noLactose" name="noLactose" onchange='$(this).closest("form").submit();'>
			<div class="group-icon strike-through"><span class="icon-afinity-Milk"></span></div>
			<span class="group-name">Bez laktózy</span>
		</label>
	</div>
	<div class="afinity-group" tabindex="0">
		<label for="farm">
			<input type="checkbox" id="farm" value="farm" name="farm" onchange='$(this).closest("form").submit();'>
			<div class="group-icon"><span class="icon-afinity-Farm"></span></div>
			<span class="group-name">Farmářské</span>
		</label>
	</div>
	<div class="afinity-group" tabindex="0">
		<label for="noPalmOil">
			<input type="checkbox" id="noPalmOil" value="noPalmOil" name="noPalmOil" onchange='$(this).closest("form").submit();'>
			<div class="group-icon strike-through"><span class="icon-afinity-Palm-oil"></span></div>
			<span class="group-name">Bez palmového tuku</span>
		</label>
	</div>
	<div class="afinity-group" tabindex="0">
		<label for="vegan">
			<input type="checkbox" id="vegan" value="vegan" name="vegan" onchange='$(this).closest("form").submit();'>
			<div class="group-icon strike-through"><span class="icon-afinity-Egg"></span></div>
			<span class="group-name">Vhodné pro vegany</span>
		</label>
	</div>
	<div class="afinity-group" tabindex="0">
		<label for="vegetarian">
			<input type="checkbox" id="vegetarian" value="vegetarian" name="vegetarian" onchange='$(this).closest("form").submit();'>
			<div class="group-icon strike-through"><span class="icon-afinity-Steak"></span></div>
			<span class="group-name">Vegetariánské</span>
		</label>
	</div>
	<div class="afinity-group" tabindex="0">
		<label for="isKlasa">
			<input type="checkbox" id="isKlasa" value="isKlasa" name="isKlasa" onchange='$(this).closest("form").submit();'>
			<div class="group-icon"><span class="icon-afinity-Klasa"></span></div>
			<span class="group-name">Klasa</span>
		</label>
	</div>
</div>
<input type="hidden" name="do" value="productPrimaryFilter-constraintForm-submit"><!--[if IE]><input type=IEbug disabled style="display:none"><![endif]-->
</form>

					</div>
					<div class="block block-product-list-option">
<ul class="product-list-option element-bordered-select-box">
    <li tabindex="0">
        <span>Oblíbené<span class="accessible"> - vybráno</span></span>
        <div class="positioner">
            <ul>
                <li>
                    <a title="Akční" href="/napoje/pivo?productListOptions-preset=orderDiscount">
                        Akční
                    </a>
                </li>
                <li>
                    <a title="Nejlevnější" href="/napoje/pivo?productListOptions-preset=orderPriceAscending">
                        Nejlevnější
                    </a>
                </li>
                <li>
                    <a title="Nejdražší" href="/napoje/pivo?productListOptions-preset=orderPriceDescending">
                        Nejdražší
                    </a>
                </li>
            </ul>
        </div>
    </li>
</ul>
					</div>
				</div>
			</div>

			<div class="region region-products" data-ajax-append="product-item" id="snippet--productListArea">
				<div class="region-inner region-products-inner">
<script async>
    basic.documentReady(function () {
        $.get("\/napoje\/pivo?do=productList-ajaxLoaderSetting").done(function (setting) {
            setting.ShowButton = false;
            ajaxLoader.init(setting);
        });
    });

    var onProductModalDestroy = function() {

    	var pageData = window.dataLayer[0];

        pageData["event"] = "ga.pageview";
        pageData["pagePath"] = window.location.pathname;
        pageData["pageTitle"] = window.document.title;

	    dataLayer.push(pageData);
    };
</script>
<div class="block block-product-items product-items" data-ajax-append="product-item" id="snippet-productList-productListArea">
    <div id="product-append-7976" class="product-item">
        <div class="product-item-flags">
            <div class="flag-sale ">
                <span class="percents">23<small>&#37;</small></span>
            </div>
        </div>
        <div class="product-item-image">
                <a data-href="/napoje/pivo?productList-id=7976&amp;do=productList-modal"
                   data-target="productList-productModal"
                   data-product-id="7976"
                   data-product-price="25.9"
                   data-page-title="Pilsner Urquell, světlý ležák, sklo 0,5l"
                   data-page-path="/produkt/7976-pilsner-urquell-svetly-lezak-sklo-0-5l"
                   data-user-id=""
                   aria-hidden="true"
                   data-kosikmodal-onclose="onProductModalDestroy"
                   onclick="kosikAjax.click(this, initModalCarousel(this))">
                    <img src="https://cdn.kosik.cz/content/product/jpg/list/placeholder.jpg" data-src="https://cdn.kosik.cz/content/product/jpg/list/13509.jpg" alt="Pilsner Urquell, světlý ležák, sklo 0,5l" class="loading-images loading-image">
                </a>




        </div>
                <div class="product-item-info">
                <h5><a href="javascript:void(0)" aria-label="Pilsner Urquell, světlý ležák, sklo 0,5l" data-href="/napoje/pivo?productList-id=7976&amp;do=productList-modal" class="product-name modal-link"
                   data-target="productList-productModal" onclick="kosikAjax.click(this, initModalCarousel(this))">
                    Pilsner Urquell, světlý ležák, sklo 0,5l
                    
                </a></h5>
            <p class="product-item-price product-in-discount">
                <span class="price-before-discount">
					<span><strong class="price">25,90 Kč</strong></span>
				</span>
                <strong class="price">19,90 Kč</strong>

            </p>
            <p class="product-item-unit">
                    (<strong class="price">39,80 Kč</strong> / l)
            </p>
                        <div class="product-list-rating">
                <span><ul class="rating"><li class="rating-children rating-1 up" data-rating="1"><i class="fa fa-star"></i></li><li class="rating-children rating-2 up" data-rating="2"><i class="fa fa-star"></i></li><li class="rating-children rating-3 up" data-rating="3"><i class="fa fa-star"></i></li><li class="rating-children rating-4 up" data-rating="4"><i class="fa fa-star"></i></li><li class="rating-children rating-5 down" data-rating="5"><i class="fa fa-star"></i></li></ul></span>
            </div>
<div id="snippet-productList-buy-7976-quantity">        <div class="product-quantity-control">
            <form action="/napoje/pivo" method="post" class="ajax" id="frm-productList-buy-7976-quantityForm">
                <input type="text" name="quantity" size="3" id="frm-productList-buy-7976-quantityForm-quantity" data-nette-rules='[{"op":":integer","msg":"Množství musí být číslo."}]' value="1" aria-label="počet k přidání">
                <input type="submit" name="_submit" value="Přidat" class="product-quantity-control-submit plus" aria-label="přidat počet do košíku">
            <input type="hidden" name="do" value="productList-buy-7976-quantityForm-submit"><!--[if IE]><input type=IEbug disabled style="display:none"><![endif]-->
</form>

        </div>
</div>
                <p class="product-incart-info accessible">Produkt nemáte v košíku</p>


        </div>

        
    </div>
    <div id="product-append-3009" class="product-item">
        <div class="product-item-flags">
            <div class="flag-sale ">
                <span class="percents">35<small>&#37;</small></span>
            </div>
        </div>
        <div class="product-item-image">
                <a data-href="/napoje/pivo?productList-id=3009&amp;do=productList-modal"
                   data-target="productList-productModal"
                   data-product-id="3009"
                   data-product-price="21.5"
                   data-page-title="Budweiser Budvar, pivo světlý ležák, sklo 0,5l"
                   data-page-path="/produkt/3009-budweiser-budvar-pivo-svetly-lezak-sklo-0-5l"
                   data-user-id=""
                   aria-hidden="true"
                   data-kosikmodal-onclose="onProductModalDestroy"
                   onclick="kosikAjax.click(this, initModalCarousel(this))">
                    <img src="https://cdn.kosik.cz/content/product/jpg/list/placeholder.jpg" data-src="https://cdn.kosik.cz/content/product/jpg/list/3116.jpg" alt="Budweiser Budvar, pivo světlý ležák, sklo 0,5l" class="loading-images loading-image">
                </a>




        </div>
                <div class="product-item-info">
                <h5><a href="javascript:void(0)" aria-label="Budweiser Budvar, pivo světlý ležák, sklo 0,5l" data-href="/napoje/pivo?productList-id=3009&amp;do=productList-modal" class="product-name modal-link"
                   data-target="productList-productModal" onclick="kosikAjax.click(this, initModalCarousel(this))">
                    Budweiser Budvar, pivo světlý ležák, sklo 0,5l
                    
                </a></h5>
            <p class="product-item-price product-in-discount">
                <span class="price-before-discount">
					<span><strong class="price">21,50 Kč</strong></span>
				</span>
                <strong class="price">13,90 Kč</strong>

            </p>
            <p class="product-item-unit">
                    (<strong class="price">27,80 Kč</strong> / l)
            </p>
                        <div class="product-list-rating">
            </div>
<div id="snippet-productList-buy-3009-quantity">        <div class="product-quantity-control">
            <form action="/napoje/pivo" method="post" class="ajax" id="frm-productList-buy-3009-quantityForm">
                <input type="text" name="quantity" size="3" id="frm-productList-buy-3009-quantityForm-quantity" data-nette-rules='[{"op":":integer","msg":"Množství musí být číslo."}]' value="1" aria-label="počet k přidání">
                <input type="submit" name="_submit" value="Přidat" class="product-quantity-control-submit plus" aria-label="přidat počet do košíku">
            <input type="hidden" name="do" value="productList-buy-3009-quantityForm-submit"><!--[if IE]><input type=IEbug disabled style="display:none"><![endif]-->
</form>

        </div>
</div>
                <p class="product-incart-info accessible">Produkt nemáte v košíku</p>


        </div>

        
    </div>
    <div id="product-append-51504" class="product-item">
        <div class="product-item-flags">
        </div>
        <div class="product-item-image">
                <a data-href="/napoje/pivo?productList-id=51504&amp;do=productList-modal"
                   data-target="productList-productModal"
                   data-product-id="51504"
                   data-product-price="37"
                   data-page-title="Cider Magnetic Apple Original 0,33l"
                   data-page-path="/produkt/51504-cider-magnetic-apple-original-0-33l"
                   data-user-id=""
                   aria-hidden="true"
                   data-kosikmodal-onclose="onProductModalDestroy"
                   onclick="kosikAjax.click(this, initModalCarousel(this))">
                    <img src="https://cdn.kosik.cz/content/product/jpg/list/placeholder.jpg" data-src="https://cdn.kosik.cz/content/product/jpg/list/69073.jpg" alt="Cider Magnetic Apple Original 0,33l" class="loading-images loading-image">
                </a>




        </div>
                <div class="product-item-info">
                <h5><a href="javascript:void(0)" aria-label="Cider Magnetic Apple Original 0,33l" data-href="/napoje/pivo?productList-id=51504&amp;do=productList-modal" class="product-name modal-link"
                   data-target="productList-productModal" onclick="kosikAjax.click(this, initModalCarousel(this))">
                    Cider Magnetic Apple Original 0,33l
                    <br><span class="new-product">Novinka</span>
                </a></h5>
            <p class="product-item-price ">
                <span class="price-before-discount">
				</span>
                <strong class="price">37,00 Kč</strong>

            </p>
            <p class="product-item-unit">
                    (<strong class="price">112,10 Kč</strong> / l)
            </p>
                        <div class="product-list-rating">
                <span><ul class="rating"><li class="rating-children rating-1 up" data-rating="1"><i class="fa fa-star"></i></li><li class="rating-children rating-2 up" data-rating="2"><i class="fa fa-star"></i></li><li class="rating-children rating-3 up" data-rating="3"><i class="fa fa-star"></i></li><li class="rating-children rating-4 up" data-rating="4"><i class="fa fa-star"></i></li><li class="rating-children rating-5 up" data-rating="5"><i class="fa fa-star"></i></li></ul></span>
            </div>
<div id="snippet-productList-buy-51504-quantity">        <div class="product-quantity-control">
            <form action="/napoje/pivo" method="post" class="ajax" id="frm-productList-buy-51504-quantityForm">
                <input type="text" name="quantity" size="3" id="frm-productList-buy-51504-quantityForm-quantity" data-nette-rules='[{"op":":integer","msg":"Množství musí být číslo."}]' value="1" aria-label="počet k přidání">
                <input type="submit" name="_submit" value="Přidat" class="product-quantity-control-submit plus" aria-label="přidat počet do košíku">
            <input type="hidden" name="do" value="productList-buy-51504-quantityForm-submit"><!--[if IE]><input type=IEbug disabled style="display:none"><![endif]-->
</form>

        </div>
</div>
                <p class="product-incart-info accessible">Produkt nemáte v košíku</p>


        </div>

        
    </div>
    <div id="product-append-2989" class="product-item">
        <div class="product-item-flags">
        </div>
        <div class="product-item-image">
                <a data-href="/napoje/pivo?productList-id=2989&amp;do=productList-modal"
                   data-target="productList-productModal"
                   data-product-id="2989"
                   data-product-price="12.5"
                   data-page-title="Svijany Svijanská 10, světlý výčepní, sklo 0,5l"
                   data-page-path="/produkt/2989-svijany-svijanska-10-svetly-vycepni-sklo-0-5l"
                   data-user-id=""
                   aria-hidden="true"
                   data-kosikmodal-onclose="onProductModalDestroy"
                   onclick="kosikAjax.click(this, initModalCarousel(this))">
                    <img src="https://cdn.kosik.cz/content/product/jpg/list/placeholder.jpg" data-src="https://cdn.kosik.cz/content/product/jpg/list/3095.jpg" alt="Svijany Svijanská 10, světlý výčepní, sklo 0,5l" class="loading-images loading-image">
                </a>




        </div>
                <div class="product-item-info">
                <h5><a href="javascript:void(0)" aria-label="Svijany Svijanská 10, světlý výčepní, sklo 0,5l" data-href="/napoje/pivo?productList-id=2989&amp;do=productList-modal" class="product-name modal-link"
                   data-target="productList-productModal" onclick="kosikAjax.click(this, initModalCarousel(this))">
                    Svijany Svijanská 10, světlý výčepní, sklo 0,5l
                    
                </a></h5>
            <p class="product-item-price ">
                <span class="price-before-discount">
				</span>
                <strong class="price">12,50 Kč</strong>

            </p>
            <p class="product-item-unit">
                    (<strong class="price">25,00 Kč</strong> / l)
            </p>
                        <div class="product-list-rating">
            </div>
<div id="snippet-productList-buy-2989-quantity">        <div class="product-quantity-control">
            <form action="/napoje/pivo" method="post" class="ajax" id="frm-productList-buy-2989-quantityForm">
                <input type="text" name="quantity" size="3" id="frm-productList-buy-2989-quantityForm-quantity" data-nette-rules='[{"op":":integer","msg":"Množství musí být číslo."}]' value="1" aria-label="počet k přidání">
                <input type="submit" name="_submit" value="Přidat" class="product-quantity-control-submit plus" aria-label="přidat počet do košíku">
            <input type="hidden" name="do" value="productList-buy-2989-quantityForm-submit"><!--[if IE]><input type=IEbug disabled style="display:none"><![endif]-->
</form>

        </div>
</div>
                <p class="product-incart-info accessible">Produkt nemáte v košíku</p>


        </div>

        
    </div>
    <div id="product-append-2976" class="product-item">
        <div class="product-item-flags">
        </div>
        <div class="product-item-image">
                <a data-href="/napoje/pivo?productList-id=2976&amp;do=productList-modal"
                   data-target="productList-productModal"
                   data-product-id="2976"
                   data-product-price="19.9"
                   data-page-title="Birell, světlý nealkoholický, plech 0,5l"
                   data-page-path="/produkt/2976-birell-svetly-nealkoholicky-plech-0-5l"
                   data-user-id=""
                   aria-hidden="true"
                   data-kosikmodal-onclose="onProductModalDestroy"
                   onclick="kosikAjax.click(this, initModalCarousel(this))">
                    <img src="https://cdn.kosik.cz/content/product/jpg/list/placeholder.jpg" data-src="https://cdn.kosik.cz/content/product/jpg/list/3080.jpg" alt="Birell, světlý nealkoholický, plech 0,5l" class="loading-images loading-image">
                </a>




        </div>
                <div class="product-item-info">
                <h5><a href="javascript:void(0)" aria-label="Birell, světlý nealkoholický, plech 0,5l" data-href="/napoje/pivo?productList-id=2976&amp;do=productList-modal" class="product-name modal-link"
                   data-target="productList-productModal" onclick="kosikAjax.click(this, initModalCarousel(this))">
                    Birell, světlý nealkoholický, plech 0,5l
                    
                </a></h5>
            <p class="product-item-price ">
                <span class="price-before-discount">
				</span>
                <strong class="price">19,90 Kč</strong>

            </p>
            <p class="product-item-unit">
                    (<strong class="price">39,80 Kč</strong> / l)
            </p>
                        <div class="product-list-rating">
            </div>
<div id="snippet-productList-buy-2976-quantity">        <div class="product-quantity-control">
            <form action="/napoje/pivo" method="post" class="ajax" id="frm-productList-buy-2976-quantityForm">
                <input type="text" name="quantity" size="3" id="frm-productList-buy-2976-quantityForm-quantity" data-nette-rules='[{"op":":integer","msg":"Množství musí být číslo."}]' value="1" aria-label="počet k přidání">
                <input type="submit" name="_submit" value="Přidat" class="product-quantity-control-submit plus" aria-label="přidat počet do košíku">
            <input type="hidden" name="do" value="productList-buy-2976-quantityForm-submit"><!--[if IE]><input type=IEbug disabled style="display:none"><![endif]-->
</form>

        </div>
</div>
                <p class="product-incart-info accessible">Produkt nemáte v košíku</p>


        </div>

        
    </div>
    <div id="product-append-2968" class="product-item">
        <div class="product-item-flags">
        </div>
        <div class="product-item-image">
                <a data-href="/napoje/pivo?productList-id=2968&amp;do=productList-modal"
                   data-target="productList-productModal"
                   data-product-id="2968"
                   data-product-price="14.9"
                   data-page-title="Birell, světlý nealkoholický, sklo 0,5l"
                   data-page-path="/produkt/2968-birell-svetly-nealkoholicky-sklo-0-5l"
                   data-user-id=""
                   aria-hidden="true"
                   data-kosikmodal-onclose="onProductModalDestroy"
                   onclick="kosikAjax.click(this, initModalCarousel(this))">
                    <img src="https://cdn.kosik.cz/content/product/jpg/list/placeholder.jpg" data-src="https://cdn.kosik.cz/content/product/jpg/list/3071.jpg" alt="Birell, světlý nealkoholický, sklo 0,5l" class="loading-images loading-image">
                </a>




        </div>
                <div class="product-item-info">
                <h5><a href="javascript:void(0)" aria-label="Birell, světlý nealkoholický, sklo 0,5l" data-href="/napoje/pivo?productList-id=2968&amp;do=productList-modal" class="product-name modal-link"
                   data-target="productList-productModal" onclick="kosikAjax.click(this, initModalCarousel(this))">
                    Birell, světlý nealkoholický, sklo 0,5l
                    
                </a></h5>
            <p class="product-item-price ">
                <span class="price-before-discount">
				</span>
                <strong class="price">14,90 Kč</strong>

            </p>
            <p class="product-item-unit">
                    (<strong class="price">29,80 Kč</strong> / l)
            </p>
                        <div class="product-list-rating">
                <span><ul class="rating"><li class="rating-children rating-1 up" data-rating="1"><i class="fa fa-star"></i></li><li class="rating-children rating-2 up" data-rating="2"><i class="fa fa-star"></i></li><li class="rating-children rating-3 up" data-rating="3"><i class="fa fa-star"></i></li><li class="rating-children rating-4 up" data-rating="4"><i class="fa fa-star"></i></li><li class="rating-children rating-5 up" data-rating="5"><i class="fa fa-star"></i></li></ul></span>
            </div>
<div id="snippet-productList-buy-2968-quantity">        <div class="product-quantity-control">
            <form action="/napoje/pivo" method="post" class="ajax" id="frm-productList-buy-2968-quantityForm">
                <input type="text" name="quantity" size="3" id="frm-productList-buy-2968-quantityForm-quantity" data-nette-rules='[{"op":":integer","msg":"Množství musí být číslo."}]' value="1" aria-label="počet k přidání">
                <input type="submit" name="_submit" value="Přidat" class="product-quantity-control-submit plus" aria-label="přidat počet do košíku">
            <input type="hidden" name="do" value="productList-buy-2968-quantityForm-submit"><!--[if IE]><input type=IEbug disabled style="display:none"><![endif]-->
</form>

        </div>
</div>
                <p class="product-incart-info accessible">Produkt nemáte v košíku</p>


        </div>

        
    </div>
    <div id="product-append-3020" class="product-item">
        <div class="product-item-flags">
        </div>
        <div class="product-item-image">
                <a data-href="/napoje/pivo?productList-id=3020&amp;do=productList-modal"
                   data-target="productList-productModal"
                   data-product-id="3020"
                   data-product-price="12.9"
                   data-page-title="Svijanský Máz 11, světlý ležák, sklo 0,5l"
                   data-page-path="/produkt/3020-svijansky-maz-11-svetly-lezak-sklo-0-5l"
                   data-user-id=""
                   aria-hidden="true"
                   data-kosikmodal-onclose="onProductModalDestroy"
                   onclick="kosikAjax.click(this, initModalCarousel(this))">
                    <img src="https://cdn.kosik.cz/content/product/jpg/list/placeholder.jpg" data-src="https://cdn.kosik.cz/content/product/jpg/list/3130.jpg" alt="Svijanský Máz 11, světlý ležák, sklo 0,5l" class="loading-images loading-image">
                </a>




        </div>
                <div class="product-item-info">
                <h5><a href="javascript:void(0)" aria-label="Svijanský Máz 11, světlý ležák, sklo 0,5l" data-href="/napoje/pivo?productList-id=3020&amp;do=productList-modal" class="product-name modal-link"
                   data-target="productList-productModal" onclick="kosikAjax.click(this, initModalCarousel(this))">
                    Svijanský Máz 11, světlý ležák, sklo 0,5l
                    
                </a></h5>
            <p class="product-item-price ">
                <span class="price-before-discount">
				</span>
                <strong class="price">12,90 Kč</strong>

            </p>
            <p class="product-item-unit">
                    (<strong class="price">25,80 Kč</strong> / l)
            </p>
                        <div class="product-list-rating">
            </div>
<div id="snippet-productList-buy-3020-quantity">        <div class="product-quantity-control">
            <form action="/napoje/pivo" method="post" class="ajax" id="frm-productList-buy-3020-quantityForm">
                <input type="text" name="quantity" size="3" id="frm-productList-buy-3020-quantityForm-quantity" data-nette-rules='[{"op":":integer","msg":"Množství musí být číslo."}]' value="1" aria-label="počet k přidání">
                <input type="submit" name="_submit" value="Přidat" class="product-quantity-control-submit plus" aria-label="přidat počet do košíku">
            <input type="hidden" name="do" value="productList-buy-3020-quantityForm-submit"><!--[if IE]><input type=IEbug disabled style="display:none"><![endif]-->
</form>

        </div>
</div>
                <p class="product-incart-info accessible">Produkt nemáte v košíku</p>


        </div>

        
    </div>
    <div id="product-append-3033" class="product-item">
        <div class="product-item-flags">
        </div>
        <div class="product-item-image">
                <a data-href="/napoje/pivo?productList-id=3033&amp;do=productList-modal"
                   data-target="productList-productModal"
                   data-product-id="3033"
                   data-product-price="27.9"
                   data-page-title="Pilsner Urquell, světlý ležák, plech 0,5l"
                   data-page-path="/produkt/3033-pilsner-urquell-svetly-lezak-plech-0-5l"
                   data-user-id=""
                   aria-hidden="true"
                   data-kosikmodal-onclose="onProductModalDestroy"
                   onclick="kosikAjax.click(this, initModalCarousel(this))">
                    <img src="https://cdn.kosik.cz/content/product/jpg/list/placeholder.jpg" data-src="https://cdn.kosik.cz/content/product/jpg/list/3144.jpg" alt="Pilsner Urquell, světlý ležák, plech 0,5l" class="loading-images loading-image">
                </a>




        </div>
                <div class="product-item-info">
                <h5><a href="javascript:void(0)" aria-label="Pilsner Urquell, světlý ležák, plech 0,5l" data-href="/napoje/pivo?productList-id=3033&amp;do=productList-modal" class="product-name modal-link"
                   data-target="productList-productModal" onclick="kosikAjax.click(this, initModalCarousel(this))">
                    Pilsner Urquell, světlý ležák, plech 0,5l
                    
                </a></h5>
            <p class="product-item-price ">
                <span class="price-before-discount">
				</span>
                <strong class="price">27,90 Kč</strong>

            </p>
            <p class="product-item-unit">
                    (<strong class="price">55,80 Kč</strong> / l)
            </p>
                        <div class="product-list-rating">
                <span><ul class="rating"><li class="rating-children rating-1 up" data-rating="1"><i class="fa fa-star"></i></li><li class="rating-children rating-2 up" data-rating="2"><i class="fa fa-star"></i></li><li class="rating-children rating-3 up" data-rating="3"><i class="fa fa-star"></i></li><li class="rating-children rating-4 up" data-rating="4"><i class="fa fa-star"></i></li><li class="rating-children rating-5 up" data-rating="5"><i class="fa fa-star"></i></li></ul></span>
            </div>
<div id="snippet-productList-buy-3033-quantity">        <div class="product-quantity-control">
            <form action="/napoje/pivo" method="post" class="ajax" id="frm-productList-buy-3033-quantityForm">
                <input type="text" name="quantity" size="3" id="frm-productList-buy-3033-quantityForm-quantity" data-nette-rules='[{"op":":integer","msg":"Množství musí být číslo."}]' value="1" aria-label="počet k přidání">
                <input type="submit" name="_submit" value="Přidat" class="product-quantity-control-submit plus" aria-label="přidat počet do košíku">
            <input type="hidden" name="do" value="productList-buy-3033-quantityForm-submit"><!--[if IE]><input type=IEbug disabled style="display:none"><![endif]-->
</form>

        </div>
</div>
                <p class="product-incart-info accessible">Produkt nemáte v košíku</p>


        </div>

        
    </div>
    <div id="product-append-8756" class="product-item">
        <div class="product-item-flags">
        </div>
        <div class="product-item-image">
                <a data-href="/napoje/pivo?productList-id=8756&amp;do=productList-modal"
                   data-target="productList-productModal"
                   data-product-id="8756"
                   data-product-price="21.9"
                   data-page-title="Pilsner Urquell, světlý ležák, sklo 0,33l"
                   data-page-path="/produkt/8756-pilsner-urquell-svetly-lezak-sklo-0-33l"
                   data-user-id=""
                   aria-hidden="true"
                   data-kosikmodal-onclose="onProductModalDestroy"
                   onclick="kosikAjax.click(this, initModalCarousel(this))">
                    <img src="https://cdn.kosik.cz/content/product/jpg/list/placeholder.jpg" data-src="https://cdn.kosik.cz/content/product/jpg/list/16218.jpg" alt="Pilsner Urquell, světlý ležák, sklo 0,33l" class="loading-images loading-image">
                </a>




        </div>
                <div class="product-item-info">
                <h5><a href="javascript:void(0)" aria-label="Pilsner Urquell, světlý ležák, sklo 0,33l" data-href="/napoje/pivo?productList-id=8756&amp;do=productList-modal" class="product-name modal-link"
                   data-target="productList-productModal" onclick="kosikAjax.click(this, initModalCarousel(this))">
                    Pilsner Urquell, světlý ležák, sklo 0,33l
                    
                </a></h5>
            <p class="product-item-price ">
                <span class="price-before-discount">
				</span>
                <strong class="price">21,90 Kč</strong>

            </p>
            <p class="product-item-unit">
                    (<strong class="price">66,40 Kč</strong> / l)
            </p>
                        <div class="product-list-rating">
            </div>
<div id="snippet-productList-buy-8756-quantity">        <div class="product-quantity-control">
            <form action="/napoje/pivo" method="post" class="ajax" id="frm-productList-buy-8756-quantityForm">
                <input type="text" name="quantity" size="3" id="frm-productList-buy-8756-quantityForm-quantity" data-nette-rules='[{"op":":integer","msg":"Množství musí být číslo."}]' value="1" aria-label="počet k přidání">
                <input type="submit" name="_submit" value="Přidat" class="product-quantity-control-submit plus" aria-label="přidat počet do košíku">
            <input type="hidden" name="do" value="productList-buy-8756-quantityForm-submit"><!--[if IE]><input type=IEbug disabled style="display:none"><![endif]-->
</form>

        </div>
</div>
                <p class="product-incart-info accessible">Produkt nemáte v košíku</p>


        </div>

        
    </div>
    <div id="product-append-2967" class="product-item">
        <div class="product-item-flags">
        </div>
        <div class="product-item-image">
                <a data-href="/napoje/pivo?productList-id=2967&amp;do=productList-modal"
                   data-target="productList-productModal"
                   data-product-id="2967"
                   data-product-price="15.9"
                   data-page-title="Birell, polotmavý nealkoholický, sklo 0,5l"
                   data-page-path="/produkt/2967-birell-polotmavy-nealkoholicky-sklo-0-5l"
                   data-user-id=""
                   aria-hidden="true"
                   data-kosikmodal-onclose="onProductModalDestroy"
                   onclick="kosikAjax.click(this, initModalCarousel(this))">
                    <img src="https://cdn.kosik.cz/content/product/jpg/list/placeholder.jpg" data-src="https://cdn.kosik.cz/content/product/jpg/list/3070.jpg" alt="Birell, polotmavý nealkoholický, sklo 0,5l" class="loading-images loading-image">
                </a>




        </div>
                <div class="product-item-info">
                <h5><a href="javascript:void(0)" aria-label="Birell, polotmavý nealkoholický, sklo 0,5l" data-href="/napoje/pivo?productList-id=2967&amp;do=productList-modal" class="product-name modal-link"
                   data-target="productList-productModal" onclick="kosikAjax.click(this, initModalCarousel(this))">
                    Birell, polotmavý nealkoholický, sklo 0,5l
                    
                </a></h5>
            <p class="product-item-price ">
                <span class="price-before-discount">
				</span>
                <strong class="price">15,90 Kč</strong>

            </p>
            <p class="product-item-unit">
                    (<strong class="price">31,80 Kč</strong> / l)
            </p>
                        <div class="product-list-rating">
            </div>
<div id="snippet-productList-buy-2967-quantity">        <div class="product-quantity-control">
            <form action="/napoje/pivo" method="post" class="ajax" id="frm-productList-buy-2967-quantityForm">
                <input type="text" name="quantity" size="3" id="frm-productList-buy-2967-quantityForm-quantity" data-nette-rules='[{"op":":integer","msg":"Množství musí být číslo."}]' value="1" aria-label="počet k přidání">
                <input type="submit" name="_submit" value="Přidat" class="product-quantity-control-submit plus" aria-label="přidat počet do košíku">
            <input type="hidden" name="do" value="productList-buy-2967-quantityForm-submit"><!--[if IE]><input type=IEbug disabled style="display:none"><![endif]-->
</form>

        </div>
</div>
                <p class="product-incart-info accessible">Produkt nemáte v košíku</p>


        </div>

        
    </div>
    <div id="product-append-2983" class="product-item">
        <div class="product-item-flags">
        </div>
        <div class="product-item-image">
                <a data-href="/napoje/pivo?productList-id=2983&amp;do=productList-modal"
                   data-target="productList-productModal"
                   data-product-id="2983"
                   data-product-price="13.9"
                   data-page-title="Gambrinus Originál 10, světlý výčepní, sklo 0,5l"
                   data-page-path="/produkt/2983-gambrinus-original-10-svetly-vycepni-sklo-0-5l"
                   data-user-id=""
                   aria-hidden="true"
                   data-kosikmodal-onclose="onProductModalDestroy"
                   onclick="kosikAjax.click(this, initModalCarousel(this))">
                    <img src="https://cdn.kosik.cz/content/product/jpg/list/placeholder.jpg" data-src="https://cdn.kosik.cz/content/product/jpg/list/3089.jpg" alt="Gambrinus Originál 10, světlý výčepní, sklo 0,5l" class="loading-images loading-image">
                </a>




        </div>
                <div class="product-item-info">
                <h5><a href="javascript:void(0)" aria-label="Gambrinus Originál 10, světlý výčepní, sklo 0,5l" data-href="/napoje/pivo?productList-id=2983&amp;do=productList-modal" class="product-name modal-link"
                   data-target="productList-productModal" onclick="kosikAjax.click(this, initModalCarousel(this))">
                    Gambrinus Originál 10, světlý výčepní, sklo 0,5l
                    
                </a></h5>
            <p class="product-item-price ">
                <span class="price-before-discount">
				</span>
                <strong class="price">13,90 Kč</strong>

            </p>
            <p class="product-item-unit">
                    (<strong class="price">27,80 Kč</strong> / l)
            </p>
                        <div class="product-list-rating">
            </div>
<div id="snippet-productList-buy-2983-quantity">        <div class="product-quantity-control">
            <form action="/napoje/pivo" method="post" class="ajax" id="frm-productList-buy-2983-quantityForm">
                <input type="text" name="quantity" size="3" id="frm-productList-buy-2983-quantityForm-quantity" data-nette-rules='[{"op":":integer","msg":"Množství musí být číslo."}]' value="1" aria-label="počet k přidání">
                <input type="submit" name="_submit" value="Přidat" class="product-quantity-control-submit plus" aria-label="přidat počet do košíku">
            <input type="hidden" name="do" value="productList-buy-2983-quantityForm-submit"><!--[if IE]><input type=IEbug disabled style="display:none"><![endif]-->
</form>

        </div>
</div>
                <p class="product-incart-info accessible">Produkt nemáte v košíku</p>


        </div>

        
    </div>
    <div id="product-append-16969" class="product-item">
        <div class="product-item-flags">
            <div class="flag-sale ">
                <span class="percents">7<small>&#37;</small></span>
            </div>
        </div>
        <div class="product-item-image">
                <a data-href="/napoje/pivo?productList-id=16969&amp;do=productList-modal"
                   data-target="productList-productModal"
                   data-product-id="16969"
                   data-product-price="13.9"
                   data-page-title="Krušovice Černé, tmavé výčepní, sklo 0,5l"
                   data-page-path="/produkt/16969-krusovice-cerne-tmave-vycepni-sklo-0-5l"
                   data-user-id=""
                   aria-hidden="true"
                   data-kosikmodal-onclose="onProductModalDestroy"
                   onclick="kosikAjax.click(this, initModalCarousel(this))">
                    <img src="https://cdn.kosik.cz/content/product/jpg/list/placeholder.jpg" data-src="https://cdn.kosik.cz/content/product/jpg/list/34237.jpg" alt="Krušovice Černé, tmavé výčepní, sklo 0,5l" class="loading-images loading-image">
                </a>




        </div>
                <div class="product-item-info">
                <h5><a href="javascript:void(0)" aria-label="Krušovice Černé, tmavé výčepní, sklo 0,5l" data-href="/napoje/pivo?productList-id=16969&amp;do=productList-modal" class="product-name modal-link"
                   data-target="productList-productModal" onclick="kosikAjax.click(this, initModalCarousel(this))">
                    Krušovice Černé, tmavé výčepní, sklo 0,5l
                    
                </a></h5>
            <p class="product-item-price product-in-discount">
                <span class="price-before-discount">
					<span><strong class="price">13,90 Kč</strong></span>
				</span>
                <strong class="price">12,90 Kč</strong>

            </p>
            <p class="product-item-unit">
                    (<strong class="price">25,80 Kč</strong> / l)
            </p>
                        <div class="product-list-rating">
            </div>
<div id="snippet-productList-buy-16969-quantity">        <div class="product-quantity-control">
            <form action="/napoje/pivo" method="post" class="ajax" id="frm-productList-buy-16969-quantityForm">
                <input type="text" name="quantity" size="3" id="frm-productList-buy-16969-quantityForm-quantity" data-nette-rules='[{"op":":integer","msg":"Množství musí být číslo."}]' value="1" aria-label="počet k přidání">
                <input type="submit" name="_submit" value="Přidat" class="product-quantity-control-submit plus" aria-label="přidat počet do košíku">
            <input type="hidden" name="do" value="productList-buy-16969-quantityForm-submit"><!--[if IE]><input type=IEbug disabled style="display:none"><![endif]-->
</form>

        </div>
</div>
                <p class="product-incart-info accessible">Produkt nemáte v košíku</p>


        </div>

        
    </div>
    <div id="product-append-29576" class="product-item">
        <div class="product-item-flags">
        </div>
        <div class="product-item-image">
                <a data-href="/napoje/pivo?productList-id=29576&amp;do=productList-modal"
                   data-target="productList-productModal"
                   data-product-id="29576"
                   data-product-price="16.9"
                   data-page-title="Krušovice Ležák za studena chmelený, sklo 0,5l"
                   data-page-path="/produkt/29576-krusovice-lezak-za-studena-chmeleny-sklo-0-5l"
                   data-user-id=""
                   aria-hidden="true"
                   data-kosikmodal-onclose="onProductModalDestroy"
                   onclick="kosikAjax.click(this, initModalCarousel(this))">
                    <img src="https://cdn.kosik.cz/content/product/jpg/list/placeholder.jpg" data-src="https://cdn.kosik.cz/content/product/jpg/list/46956.jpg" alt="Krušovice Ležák za studena chmelený, sklo 0,5l" class="loading-images loading-image">
                </a>




        </div>
                <div class="product-item-info">
                <h5><a href="javascript:void(0)" aria-label="Krušovice Ležák za studena chmelený, sklo 0,5l" data-href="/napoje/pivo?productList-id=29576&amp;do=productList-modal" class="product-name modal-link"
                   data-target="productList-productModal" onclick="kosikAjax.click(this, initModalCarousel(this))">
                    Krušovice Ležák za studena chmelený, sklo 0,5l
                    
                </a></h5>
            <p class="product-item-price ">
                <span class="price-before-discount">
				</span>
                <strong class="price">16,90 Kč</strong>

            </p>
            <p class="product-item-unit">
                    (<strong class="price">33,80 Kč</strong> / l)
            </p>
                        <div class="product-list-rating">
            </div>
<div id="snippet-productList-buy-29576-quantity">        <div class="product-quantity-control">
            <form action="/napoje/pivo" method="post" class="ajax" id="frm-productList-buy-29576-quantityForm">
                <input type="text" name="quantity" size="3" id="frm-productList-buy-29576-quantityForm-quantity" data-nette-rules='[{"op":":integer","msg":"Množství musí být číslo."}]' value="1" aria-label="počet k přidání">
                <input type="submit" name="_submit" value="Přidat" class="product-quantity-control-submit plus" aria-label="přidat počet do košíku">
            <input type="hidden" name="do" value="productList-buy-29576-quantityForm-submit"><!--[if IE]><input type=IEbug disabled style="display:none"><![endif]-->
</form>

        </div>
</div>
                <p class="product-incart-info accessible">Produkt nemáte v košíku</p>


        </div>

        
    </div>
    <div id="product-append-2990" class="product-item">
        <div class="product-item-flags">
        </div>
        <div class="product-item-image">
                <a data-href="/napoje/pivo?productList-id=2990&amp;do=productList-modal"
                   data-target="productList-productModal"
                   data-product-id="2990"
                   data-product-price="12.9"
                   data-page-title="Velkopopovický Kozel 10, světlý výčepní, sklo 0,5l"
                   data-page-path="/produkt/2990-velkopopovicky-kozel-10-svetly-vycepni-sklo-0-5l"
                   data-user-id=""
                   aria-hidden="true"
                   data-kosikmodal-onclose="onProductModalDestroy"
                   onclick="kosikAjax.click(this, initModalCarousel(this))">
                    <img src="https://cdn.kosik.cz/content/product/jpg/list/placeholder.jpg" data-src="https://cdn.kosik.cz/content/product/jpg/list/3096.jpg" alt="Velkopopovický Kozel 10, světlý výčepní, sklo 0,5l" class="loading-images loading-image">
                </a>




        </div>
                <div class="product-item-info">
                <h5><a href="javascript:void(0)" aria-label="Velkopopovický Kozel 10, světlý výčepní, sklo 0,5l" data-href="/napoje/pivo?productList-id=2990&amp;do=productList-modal" class="product-name modal-link"
                   data-target="productList-productModal" onclick="kosikAjax.click(this, initModalCarousel(this))">
                    Velkopopovický Kozel 10, světlý výčepní, sklo 0,5l
                    
                </a></h5>
            <p class="product-item-price ">
                <span class="price-before-discount">
				</span>
                <strong class="price">12,90 Kč</strong>

            </p>
            <p class="product-item-unit">
                    (<strong class="price">25,80 Kč</strong> / l)
            </p>
                        <div class="product-list-rating">
            </div>
<div id="snippet-productList-buy-2990-quantity">        <div class="product-quantity-control">
            <form action="/napoje/pivo" method="post" class="ajax" id="frm-productList-buy-2990-quantityForm">
                <input type="text" name="quantity" size="3" id="frm-productList-buy-2990-quantityForm-quantity" data-nette-rules='[{"op":":integer","msg":"Množství musí být číslo."}]' value="1" aria-label="počet k přidání">
                <input type="submit" name="_submit" value="Přidat" class="product-quantity-control-submit plus" aria-label="přidat počet do košíku">
            <input type="hidden" name="do" value="productList-buy-2990-quantityForm-submit"><!--[if IE]><input type=IEbug disabled style="display:none"><![endif]-->
</form>

        </div>
</div>
                <p class="product-incart-info accessible">Produkt nemáte v košíku</p>


        </div>

        
    </div>
    <div id="product-append-3021" class="product-item">
        <div class="product-item-flags">
        </div>
        <div class="product-item-image">
                <a data-href="/napoje/pivo?productList-id=3021&amp;do=productList-modal"
                   data-target="productList-productModal"
                   data-product-id="3021"
                   data-product-price="14.9"
                   data-page-title="Velkopopovický Kozel 11, světlý, sklo 0,5l"
                   data-page-path="/produkt/3021-velkopopovicky-kozel-11-svetly-sklo-0-5l"
                   data-user-id=""
                   aria-hidden="true"
                   data-kosikmodal-onclose="onProductModalDestroy"
                   onclick="kosikAjax.click(this, initModalCarousel(this))">
                    <img src="https://cdn.kosik.cz/content/product/jpg/list/placeholder.jpg" data-src="https://cdn.kosik.cz/content/product/jpg/list/3132.jpg" alt="Velkopopovický Kozel 11, světlý, sklo 0,5l" class="loading-images loading-image">
                </a>




        </div>
                <div class="product-item-info">
                <h5><a href="javascript:void(0)" aria-label="Velkopopovický Kozel 11, světlý, sklo 0,5l" data-href="/napoje/pivo?productList-id=3021&amp;do=productList-modal" class="product-name modal-link"
                   data-target="productList-productModal" onclick="kosikAjax.click(this, initModalCarousel(this))">
                    Velkopopovický Kozel 11, světlý, sklo 0,5l
                    
                </a></h5>
            <p class="product-item-price ">
                <span class="price-before-discount">
				</span>
                <strong class="price">14,90 Kč</strong>

            </p>
            <p class="product-item-unit">
                    (<strong class="price">29,80 Kč</strong> / l)
            </p>
                        <div class="product-list-rating">
                <span><ul class="rating"><li class="rating-children rating-1 up" data-rating="1"><i class="fa fa-star"></i></li><li class="rating-children rating-2 up" data-rating="2"><i class="fa fa-star"></i></li><li class="rating-children rating-3 up" data-rating="3"><i class="fa fa-star"></i></li><li class="rating-children rating-4 up" data-rating="4"><i class="fa fa-star"></i></li><li class="rating-children rating-5 up" data-rating="5"><i class="fa fa-star"></i></li></ul></span>
            </div>
<div id="snippet-productList-buy-3021-quantity">        <div class="product-quantity-control">
            <form action="/napoje/pivo" method="post" class="ajax" id="frm-productList-buy-3021-quantityForm">
                <input type="text" name="quantity" size="3" id="frm-productList-buy-3021-quantityForm-quantity" data-nette-rules='[{"op":":integer","msg":"Množství musí být číslo."}]' value="1" aria-label="počet k přidání">
                <input type="submit" name="_submit" value="Přidat" class="product-quantity-control-submit plus" aria-label="přidat počet do košíku">
            <input type="hidden" name="do" value="productList-buy-3021-quantityForm-submit"><!--[if IE]><input type=IEbug disabled style="display:none"><![endif]-->
</form>

        </div>
</div>
                <p class="product-incart-info accessible">Produkt nemáte v košíku</p>


        </div>

        
    </div>
    <div id="product-append-51505" class="product-item">
        <div class="product-item-flags">
        </div>
        <div class="product-item-image">
                <a data-href="/napoje/pivo?productList-id=51505&amp;do=productList-modal"
                   data-target="productList-productModal"
                   data-product-id="51505"
                   data-product-price="39"
                   data-page-title="Cider Magnetic Apple PREMIUM 0,33l"
                   data-page-path="/produkt/51505-cider-magnetic-apple-premium-0-33l"
                   data-user-id=""
                   aria-hidden="true"
                   data-kosikmodal-onclose="onProductModalDestroy"
                   onclick="kosikAjax.click(this, initModalCarousel(this))">
                    <img src="https://cdn.kosik.cz/content/product/jpg/list/placeholder.jpg" data-src="https://cdn.kosik.cz/content/product/jpg/list/69074.jpg" alt="Cider Magnetic Apple PREMIUM 0,33l" class="loading-images loading-image">
                </a>




        </div>
                <div class="product-item-info">
                <h5><a href="javascript:void(0)" aria-label="Cider Magnetic Apple PREMIUM 0,33l" data-href="/napoje/pivo?productList-id=51505&amp;do=productList-modal" class="product-name modal-link"
                   data-target="productList-productModal" onclick="kosikAjax.click(this, initModalCarousel(this))">
                    Cider Magnetic Apple PREMIUM 0,33l
                    <br><span class="new-product">Novinka</span>
                </a></h5>
            <p class="product-item-price ">
                <span class="price-before-discount">
				</span>
                <strong class="price">39,00 Kč</strong>

            </p>
            <p class="product-item-unit">
                    (<strong class="price">118,20 Kč</strong> / l)
            </p>
                        <div class="product-list-rating">
            </div>
<div id="snippet-productList-buy-51505-quantity">        <div class="product-quantity-control">
            <form action="/napoje/pivo" method="post" class="ajax" id="frm-productList-buy-51505-quantityForm">
                <input type="text" name="quantity" size="3" id="frm-productList-buy-51505-quantityForm-quantity" data-nette-rules='[{"op":":integer","msg":"Množství musí být číslo."}]' value="1" aria-label="počet k přidání">
                <input type="submit" name="_submit" value="Přidat" class="product-quantity-control-submit plus" aria-label="přidat počet do košíku">
            <input type="hidden" name="do" value="productList-buy-51505-quantityForm-submit"><!--[if IE]><input type=IEbug disabled style="display:none"><![endif]-->
</form>

        </div>
</div>
                <p class="product-incart-info accessible">Produkt nemáte v košíku</p>


        </div>

        
    </div>
    <div id="product-append-2997" class="product-item">
        <div class="product-item-flags">
        </div>
        <div class="product-item-image">
                <a data-href="/napoje/pivo?productList-id=2997&amp;do=productList-modal"
                   data-target="productList-productModal"
                   data-product-id="2997"
                   data-product-price="13.9"
                   data-page-title="Braník 10, světlý výčepní, plech 0,5l"
                   data-page-path="/produkt/2997-branik-10-svetly-vycepni-plech-0-5l"
                   data-user-id=""
                   aria-hidden="true"
                   data-kosikmodal-onclose="onProductModalDestroy"
                   onclick="kosikAjax.click(this, initModalCarousel(this))">
                    <img src="https://cdn.kosik.cz/content/product/jpg/list/placeholder.jpg" data-src="https://cdn.kosik.cz/content/product/jpg/list/3103.jpg" alt="Braník 10, světlý výčepní, plech 0,5l" class="loading-images loading-image">
                </a>




        </div>
                <div class="product-item-info">
                <h5><a href="javascript:void(0)" aria-label="Braník 10, světlý výčepní, plech 0,5l" data-href="/napoje/pivo?productList-id=2997&amp;do=productList-modal" class="product-name modal-link"
                   data-target="productList-productModal" onclick="kosikAjax.click(this, initModalCarousel(this))">
                    Braník 10, světlý výčepní, plech 0,5l
                    
                </a></h5>
            <p class="product-item-price ">
                <span class="price-before-discount">
				</span>
                <strong class="price">13,90 Kč</strong>

            </p>
            <p class="product-item-unit">
                    (<strong class="price">27,80 Kč</strong> / l)
            </p>
                        <div class="product-list-rating">
            </div>
<div id="snippet-productList-buy-2997-quantity">        <div class="product-quantity-control">
            <form action="/napoje/pivo" method="post" class="ajax" id="frm-productList-buy-2997-quantityForm">
                <input type="text" name="quantity" size="3" id="frm-productList-buy-2997-quantityForm-quantity" data-nette-rules='[{"op":":integer","msg":"Množství musí být číslo."}]' value="1" aria-label="počet k přidání">
                <input type="submit" name="_submit" value="Přidat" class="product-quantity-control-submit plus" aria-label="přidat počet do košíku">
            <input type="hidden" name="do" value="productList-buy-2997-quantityForm-submit"><!--[if IE]><input type=IEbug disabled style="display:none"><![endif]-->
</form>

        </div>
</div>
                <p class="product-incart-info accessible">Produkt nemáte v košíku</p>


        </div>

        
    </div>
    <div id="product-append-2979" class="product-item">
        <div class="product-item-flags">
        </div>
        <div class="product-item-image">
                <a data-href="/napoje/pivo?productList-id=2979&amp;do=productList-modal"
                   data-target="productList-productModal"
                   data-product-id="2979"
                   data-product-price="12.9"
                   data-page-title="Bernard 10, světlý výčepní, sklo 0,5l"
                   data-page-path="/produkt/2979-bernard-10-svetly-vycepni-sklo-0-5l"
                   data-user-id=""
                   aria-hidden="true"
                   data-kosikmodal-onclose="onProductModalDestroy"
                   onclick="kosikAjax.click(this, initModalCarousel(this))">
                    <img src="https://cdn.kosik.cz/content/product/jpg/list/placeholder.jpg" data-src="https://cdn.kosik.cz/content/product/jpg/list/3083.jpg" alt="Bernard 10, světlý výčepní, sklo 0,5l" class="loading-images loading-image">
                </a>




        </div>
                <div class="product-item-info">
                <h5><a href="javascript:void(0)" aria-label="Bernard 10, světlý výčepní, sklo 0,5l" data-href="/napoje/pivo?productList-id=2979&amp;do=productList-modal" class="product-name modal-link"
                   data-target="productList-productModal" onclick="kosikAjax.click(this, initModalCarousel(this))">
                    Bernard 10, světlý výčepní, sklo 0,5l
                    
                </a></h5>
            <p class="product-item-price ">
                <span class="price-before-discount">
				</span>
                <strong class="price">12,90 Kč</strong>

            </p>
            <p class="product-item-unit">
                    (<strong class="price">25,80 Kč</strong> / l)
            </p>
                        <div class="product-list-rating">
            </div>
<div id="snippet-productList-buy-2979-quantity">        <div class="product-quantity-control">
            <form action="/napoje/pivo" method="post" class="ajax" id="frm-productList-buy-2979-quantityForm">
                <input type="text" name="quantity" size="3" id="frm-productList-buy-2979-quantityForm-quantity" data-nette-rules='[{"op":":integer","msg":"Množství musí být číslo."}]' value="1" aria-label="počet k přidání">
                <input type="submit" name="_submit" value="Přidat" class="product-quantity-control-submit plus" aria-label="přidat počet do košíku">
            <input type="hidden" name="do" value="productList-buy-2979-quantityForm-submit"><!--[if IE]><input type=IEbug disabled style="display:none"><![endif]-->
</form>

        </div>
</div>
                <p class="product-incart-info accessible">Produkt nemáte v košíku</p>


        </div>

        
    </div>
    <div id="product-append-31794" class="product-item">
        <div class="product-item-flags">
        </div>
        <div class="product-item-image">
                <a data-href="/napoje/pivo?productList-id=31794&amp;do=productList-modal"
                   data-target="productList-productModal"
                   data-product-id="31794"
                   data-product-price="14.9"
                   data-page-title="Bernard Jantarový 12, řezaný ležák, sklo 0,5l"
                   data-page-path="/produkt/31794-bernard-jantarovy-12-rezany-lezak-sklo-0-5l"
                   data-user-id=""
                   aria-hidden="true"
                   data-kosikmodal-onclose="onProductModalDestroy"
                   onclick="kosikAjax.click(this, initModalCarousel(this))">
                    <img src="https://cdn.kosik.cz/content/product/jpg/list/placeholder.jpg" data-src="https://cdn.kosik.cz/content/product/jpg/list/49238.jpg" alt="Bernard Jantarový 12, řezaný ležák, sklo 0,5l" class="loading-images loading-image">
                </a>




        </div>
                <div class="product-item-info">
                <h5><a href="javascript:void(0)" aria-label="Bernard Jantarový 12, řezaný ležák, sklo 0,5l" data-href="/napoje/pivo?productList-id=31794&amp;do=productList-modal" class="product-name modal-link"
                   data-target="productList-productModal" onclick="kosikAjax.click(this, initModalCarousel(this))">
                    Bernard Jantarový 12, řezaný ležák, sklo 0,5l
                    
                </a></h5>
            <p class="product-item-price ">
                <span class="price-before-discount">
				</span>
                <strong class="price">14,90 Kč</strong>

            </p>
            <p class="product-item-unit">
                    (<strong class="price">29,80 Kč</strong> / l)
            </p>
                        <div class="product-list-rating">
            </div>
<div id="snippet-productList-buy-31794-quantity">        <div class="product-quantity-control">
            <form action="/napoje/pivo" method="post" class="ajax" id="frm-productList-buy-31794-quantityForm">
                <input type="text" name="quantity" size="3" id="frm-productList-buy-31794-quantityForm-quantity" data-nette-rules='[{"op":":integer","msg":"Množství musí být číslo."}]' value="1" aria-label="počet k přidání">
                <input type="submit" name="_submit" value="Přidat" class="product-quantity-control-submit plus" aria-label="přidat počet do košíku">
            <input type="hidden" name="do" value="productList-buy-31794-quantityForm-submit"><!--[if IE]><input type=IEbug disabled style="display:none"><![endif]-->
</form>

        </div>
</div>
                <p class="product-incart-info accessible">Produkt nemáte v košíku</p>


        </div>

        
    </div>
    <div id="product-append-37307" class="product-item">
        <div class="product-item-flags">
        </div>
        <div class="product-item-image">
                <a data-href="/napoje/pivo?productList-id=37307&amp;do=productList-modal"
                   data-target="productList-productModal"
                   data-product-id="37307"
                   data-product-price="19.9"
                   data-page-title="Birell Botanicals Bezový květ, plech 0,4l"
                   data-page-path="/produkt/37307-birell-botanicals-bezovy-kvet-plech-0-4l"
                   data-user-id=""
                   aria-hidden="true"
                   data-kosikmodal-onclose="onProductModalDestroy"
                   onclick="kosikAjax.click(this, initModalCarousel(this))">
                    <img src="https://cdn.kosik.cz/content/product/jpg/list/placeholder.jpg" data-src="https://cdn.kosik.cz/content/product/jpg/list/54934.jpg" alt="Birell Botanicals Bezový květ, plech 0,4l" class="loading-images loading-image">
                </a>




        </div>
                <div class="product-item-info">
                <h5><a href="javascript:void(0)" aria-label="Birell Botanicals Bezový květ, plech 0,4l" data-href="/napoje/pivo?productList-id=37307&amp;do=productList-modal" class="product-name modal-link"
                   data-target="productList-productModal" onclick="kosikAjax.click(this, initModalCarousel(this))">
                    Birell Botanicals Bezový květ, plech 0,4l
                    
                </a></h5>
            <p class="product-item-price ">
                <span class="price-before-discount">
				</span>
                <strong class="price">19,90 Kč</strong>

            </p>
            <p class="product-item-unit">
                    (<strong class="price">49,80 Kč</strong> / l)
            </p>
                        <div class="product-list-rating">
            </div>
<div id="snippet-productList-buy-37307-quantity">        <div class="product-quantity-control">
            <form action="/napoje/pivo" method="post" class="ajax" id="frm-productList-buy-37307-quantityForm">
                <input type="text" name="quantity" size="3" id="frm-productList-buy-37307-quantityForm-quantity" data-nette-rules='[{"op":":integer","msg":"Množství musí být číslo."}]' value="1" aria-label="počet k přidání">
                <input type="submit" name="_submit" value="Přidat" class="product-quantity-control-submit plus" aria-label="přidat počet do košíku">
            <input type="hidden" name="do" value="productList-buy-37307-quantityForm-submit"><!--[if IE]><input type=IEbug disabled style="display:none"><![endif]-->
</form>

        </div>
</div>
                <p class="product-incart-info accessible">Produkt nemáte v košíku</p>


        </div>

        
    </div>
    <div id="product-append-32241" class="product-item">
        <div class="product-item-flags">
            <div class="flag-sale ">
                <span class="percents">27<small>&#37;</small></span>
            </div>
        </div>
        <div class="product-item-image">
                <a data-href="/napoje/pivo?productList-id=32241&amp;do=productList-modal"
                   data-target="productList-productModal"
                   data-product-id="32241"
                   data-product-price="54.9"
                   data-page-title="Guinness Stout Draught, tmavé svrchně kvašené, plech 0,44l"
                   data-page-path="/produkt/32241-guinness-stout-draught-tmave-svrchne-kvasene-plech-0-44l"
                   data-user-id=""
                   aria-hidden="true"
                   data-kosikmodal-onclose="onProductModalDestroy"
                   onclick="kosikAjax.click(this, initModalCarousel(this))">
                    <img src="https://cdn.kosik.cz/content/product/jpg/list/placeholder.jpg" data-src="https://cdn.kosik.cz/content/product/jpg/list/49718.jpg" alt="Guinness Stout Draught, tmavé svrchně kvašené, plech 0,44l" class="loading-images loading-image">
                </a>




        </div>
                <div class="product-item-info">
                <h5><a href="javascript:void(0)" aria-label="Guinness Stout Draught, tmavé svrchně kvašené, plech 0,44l" data-href="/napoje/pivo?productList-id=32241&amp;do=productList-modal" class="product-name modal-link"
                   data-target="productList-productModal" onclick="kosikAjax.click(this, initModalCarousel(this))">
                    Guinness Stout Draught, tmavé svrchně kvašené, plech 0,44l
                    
                </a></h5>
            <p class="product-item-price product-in-discount">
                <span class="price-before-discount">
					<span><strong class="price">54,90 Kč</strong></span>
				</span>
                <strong class="price">39,90 Kč</strong>

            </p>
            <p class="product-item-unit">
                    (<strong class="price">90,70 Kč</strong> / l)
            </p>
                        <div class="product-list-rating">
            </div>
<div id="snippet-productList-buy-32241-quantity">        <div class="product-quantity-control">
            <form action="/napoje/pivo" method="post" class="ajax" id="frm-productList-buy-32241-quantityForm">
                <input type="text" name="quantity" size="3" id="frm-productList-buy-32241-quantityForm-quantity" data-nette-rules='[{"op":":integer","msg":"Množství musí být číslo."}]' value="1" aria-label="počet k přidání">
                <input type="submit" name="_submit" value="Přidat" class="product-quantity-control-submit plus" aria-label="přidat počet do košíku">
            <input type="hidden" name="do" value="productList-buy-32241-quantityForm-submit"><!--[if IE]><input type=IEbug disabled style="display:none"><![endif]-->
</form>

        </div>
</div>
                <p class="product-incart-info accessible">Produkt nemáte v košíku</p>


        </div>

        
    </div>
    <div id="product-append-3036" class="product-item">
        <div class="product-item-flags">
        </div>
        <div class="product-item-image">
                <a data-href="/napoje/pivo?productList-id=3036&amp;do=productList-modal"
                   data-target="productList-productModal"
                   data-product-id="3036"
                   data-product-price="18.9"
                   data-page-title="Velkopopovický Kozel 11, světlý ležák, plech 0,5l"
                   data-page-path="/produkt/3036-velkopopovicky-kozel-11-svetly-lezak-plech-0-5l"
                   data-user-id=""
                   aria-hidden="true"
                   data-kosikmodal-onclose="onProductModalDestroy"
                   onclick="kosikAjax.click(this, initModalCarousel(this))">
                    <img src="https://cdn.kosik.cz/content/product/jpg/list/placeholder.jpg" data-src="https://cdn.kosik.cz/content/product/jpg/list/3148.jpg" alt="Velkopopovický Kozel 11, světlý ležák, plech 0,5l" class="loading-images loading-image">
                </a>




        </div>
                <div class="product-item-info">
                <h5><a href="javascript:void(0)" aria-label="Velkopopovický Kozel 11, světlý ležák, plech 0,5l" data-href="/napoje/pivo?productList-id=3036&amp;do=productList-modal" class="product-name modal-link"
                   data-target="productList-productModal" onclick="kosikAjax.click(this, initModalCarousel(this))">
                    Velkopopovický Kozel 11, světlý ležák, plech 0,5l
                    
                </a></h5>
            <p class="product-item-price ">
                <span class="price-before-discount">
				</span>
                <strong class="price">18,90 Kč</strong>

            </p>
            <p class="product-item-unit">
                    (<strong class="price">37,80 Kč</strong> / l)
            </p>
                        <div class="product-list-rating">
            </div>
<div id="snippet-productList-buy-3036-quantity">        <div class="product-quantity-control">
            <form action="/napoje/pivo" method="post" class="ajax" id="frm-productList-buy-3036-quantityForm">
                <input type="text" name="quantity" size="3" id="frm-productList-buy-3036-quantityForm-quantity" data-nette-rules='[{"op":":integer","msg":"Množství musí být číslo."}]' value="1" aria-label="počet k přidání">
                <input type="submit" name="_submit" value="Přidat" class="product-quantity-control-submit plus" aria-label="přidat počet do košíku">
            <input type="hidden" name="do" value="productList-buy-3036-quantityForm-submit"><!--[if IE]><input type=IEbug disabled style="display:none"><![endif]-->
</form>

        </div>
</div>
                <p class="product-incart-info accessible">Produkt nemáte v košíku</p>


        </div>

        
    </div>
    <div id="product-append-3005" class="product-item">
        <div class="product-item-flags">
        </div>
        <div class="product-item-image">
                <a data-href="/napoje/pivo?productList-id=3005&amp;do=productList-modal"
                   data-target="productList-productModal"
                   data-product-id="3005"
                   data-product-price="16.9"
                   data-page-title="Bernard 11, světlý ležák, sklo 0,5l"
                   data-page-path="/produkt/3005-bernard-11-svetly-lezak-sklo-0-5l"
                   data-user-id=""
                   aria-hidden="true"
                   data-kosikmodal-onclose="onProductModalDestroy"
                   onclick="kosikAjax.click(this, initModalCarousel(this))">
                    <img src="https://cdn.kosik.cz/content/product/jpg/list/placeholder.jpg" data-src="https://cdn.kosik.cz/content/product/jpg/list/3111.jpg" alt="Bernard 11, světlý ležák, sklo 0,5l" class="loading-images loading-image">
                </a>




        </div>
                <div class="product-item-info">
                <h5><a href="javascript:void(0)" aria-label="Bernard 11, světlý ležák, sklo 0,5l" data-href="/napoje/pivo?productList-id=3005&amp;do=productList-modal" class="product-name modal-link"
                   data-target="productList-productModal" onclick="kosikAjax.click(this, initModalCarousel(this))">
                    Bernard 11, světlý ležák, sklo 0,5l
                    
                </a></h5>
            <p class="product-item-price ">
                <span class="price-before-discount">
				</span>
                <strong class="price">16,90 Kč</strong>

            </p>
            <p class="product-item-unit">
                    (<strong class="price">33,80 Kč</strong> / l)
            </p>
                        <div class="product-list-rating">
            </div>
<div id="snippet-productList-buy-3005-quantity">        <div class="product-quantity-control">
            <form action="/napoje/pivo" method="post" class="ajax" id="frm-productList-buy-3005-quantityForm">
                <input type="text" name="quantity" size="3" id="frm-productList-buy-3005-quantityForm-quantity" data-nette-rules='[{"op":":integer","msg":"Množství musí být číslo."}]' value="1" aria-label="počet k přidání">
                <input type="submit" name="_submit" value="Přidat" class="product-quantity-control-submit plus" aria-label="přidat počet do košíku">
            <input type="hidden" name="do" value="productList-buy-3005-quantityForm-submit"><!--[if IE]><input type=IEbug disabled style="display:none"><![endif]-->
</form>

        </div>
</div>
                <p class="product-incart-info accessible">Produkt nemáte v košíku</p>


        </div>

        
    </div>
    <div id="product-append-4044" class="product-item">
        <div class="product-item-flags">
        </div>
        <div class="product-item-image">
                <a data-href="/napoje/pivo?productList-id=4044&amp;do=productList-modal"
                   data-target="productList-productModal"
                   data-product-id="4044"
                   data-product-price="19.9"
                   data-page-title="Radegast Ryze hořká 12, světlý ležák, plech 0,5l"
                   data-page-path="/produkt/4044-radegast-ryze-horka-12-svetly-lezak-plech-0-5l"
                   data-user-id=""
                   aria-hidden="true"
                   data-kosikmodal-onclose="onProductModalDestroy"
                   onclick="kosikAjax.click(this, initModalCarousel(this))">
                    <img src="https://cdn.kosik.cz/content/product/jpg/list/placeholder.jpg" data-src="https://cdn.kosik.cz/content/product/jpg/list/4216.jpg" alt="Radegast Ryze hořká 12, světlý ležák, plech 0,5l" class="loading-images loading-image">
                </a>




        </div>
                <div class="product-item-info">
                <h5><a href="javascript:void(0)" aria-label="Radegast Ryze hořká 12, světlý ležák, plech 0,5l" data-href="/napoje/pivo?productList-id=4044&amp;do=productList-modal" class="product-name modal-link"
                   data-target="productList-productModal" onclick="kosikAjax.click(this, initModalCarousel(this))">
                    Radegast Ryze hořká 12, světlý ležák, plech 0,5l
                    
                </a></h5>
            <p class="product-item-price ">
                <span class="price-before-discount">
				</span>
                <strong class="price">19,90 Kč</strong>

            </p>
            <p class="product-item-unit">
                    (<strong class="price">39,80 Kč</strong> / l)
            </p>
                        <div class="product-list-rating">
            </div>
<div id="snippet-productList-buy-4044-quantity">        <div class="product-quantity-control">
            <form action="/napoje/pivo" method="post" class="ajax" id="frm-productList-buy-4044-quantityForm">
                <input type="text" name="quantity" size="3" id="frm-productList-buy-4044-quantityForm-quantity" data-nette-rules='[{"op":":integer","msg":"Množství musí být číslo."}]' value="1" aria-label="počet k přidání">
                <input type="submit" name="_submit" value="Přidat" class="product-quantity-control-submit plus" aria-label="přidat počet do košíku">
            <input type="hidden" name="do" value="productList-buy-4044-quantityForm-submit"><!--[if IE]><input type=IEbug disabled style="display:none"><![endif]-->
</form>

        </div>
</div>
                <p class="product-incart-info accessible">Produkt nemáte v košíku</p>


        </div>

        
    </div>
</div>

<div class="kosik-modal-overlay product-modal" id="productList-productModal" role="dialog">
    <div class="kosik-modal-inner large super-scaled" id="snippet-productList-productModalArea">
    </div>
</div>


<div class="kosik-modal-overlay" id="productList-productSetModal" role="dialog">
    <div class="kosik-modal-inner large super-scaled" id="snippet-productList-productSetModalArea">
    </div>
</div>
				</div>
			</div>

		</div>

	</div>



		</div>


		<div class="zone-wrapper zone-postscript-wrapper clearfix" id="footer-fixing-element">
			<div class="zone zone-postscript clearfix">
				<h2 class="hp-brand-carousel-title" style="display: none">Oblíbené značky</h2>
				<div class="region region-brands-carousel">
					<div class="region-inner region-brands-carousel-inner">

												<div>
	<div class="company-box" style="filter: grayscale(100%)" onmouseover="this.style.WebkitFilter='grayscale(0%)'" onmouseout="this.style.WebkitFilter='grayscale(100%)'">
		<a href="/birell-botanicals" aria-label="Birell Botanicals">
			<img style="margin-top: 15%" src="/content/microsites/birell/logo.jpg" alt="Birell Botanicals" aria-hidden="true">
			<div class="company-text" aria-hidden="true">Birell Botanicals</div>
		</a>
	</div>
</div>
												<div>
	<div class="company-box" style="filter: grayscale(100%)" onmouseover="this.style.WebkitFilter='grayscale(0%)'" onmouseout="this.style.WebkitFilter='grayscale(100%)'">
		<a href="/brand/penam" aria-label="Penam">
			<img style="margin-top: 15%" src="https://cdn.kosik.cz/content/brand-logo/png/default/86.png" alt="Penam" aria-hidden="true">
			<div class="company-text" aria-hidden="true">Penam</div>
		</a>
	</div>
</div>
<div>
	<div class="company-box" style="filter: grayscale(100%)" onmouseover="this.style.WebkitFilter='grayscale(0%)'" onmouseout="this.style.WebkitFilter='grayscale(100%)'">
		<a href="/brand/madeta" aria-label="Madeta">
			<img style="margin-top: 15%" src="https://cdn.kosik.cz/content/brand-logo/png/default/101.png" alt="Madeta" aria-hidden="true">
			<div class="company-text" aria-hidden="true">Madeta</div>
		</a>
	</div>
</div>
<div>
	<div class="company-box" style="filter: grayscale(100%)" onmouseover="this.style.WebkitFilter='grayscale(0%)'" onmouseout="this.style.WebkitFilter='grayscale(100%)'">
		<a href="/brand/danone" aria-label="Danone">
			<img style="margin-top: 15%" src="https://cdn.kosik.cz/content/brand-logo/png/default/109.png" alt="Danone" aria-hidden="true">
			<div class="company-text" aria-hidden="true">Danone</div>
		</a>
	</div>
</div>
<div>
	<div class="company-box" style="filter: grayscale(100%)" onmouseover="this.style.WebkitFilter='grayscale(0%)'" onmouseout="this.style.WebkitFilter='grayscale(100%)'">
		<a href="/brand/dr-oetker" aria-label="Dr. Oetker">
			<img style="margin-top: 15%" src="https://cdn.kosik.cz/content/brand-logo/png/default/313.png" alt="Dr. Oetker" aria-hidden="true">
			<div class="company-text" aria-hidden="true">Dr. Oetker</div>
		</a>
	</div>
</div>
<div>
	<div class="company-box" style="filter: grayscale(100%)" onmouseover="this.style.WebkitFilter='grayscale(0%)'" onmouseout="this.style.WebkitFilter='grayscale(100%)'">
		<a href="/brand/pickwick" aria-label="Pickwick">
			<img style="margin-top: 15%" src="https://cdn.kosik.cz/content/brand-logo/png/default/357.png" alt="Pickwick" aria-hidden="true">
			<div class="company-text" aria-hidden="true">Pickwick</div>
		</a>
	</div>
</div>
<div>
	<div class="company-box" style="filter: grayscale(100%)" onmouseover="this.style.WebkitFilter='grayscale(0%)'" onmouseout="this.style.WebkitFilter='grayscale(100%)'">
		<a href="/brand/velkopopovicky-kozel" aria-label="Velkopopovický Kozel">
			<img style="margin-top: 15%" src="https://cdn.kosik.cz/content/brand-logo/png/default/448.png" alt="Velkopopovický Kozel" aria-hidden="true">
			<div class="company-text" aria-hidden="true">Velkopopovický Kozel</div>
		</a>
	</div>
</div>
<div>
	<div class="company-box" style="filter: grayscale(100%)" onmouseover="this.style.WebkitFilter='grayscale(0%)'" onmouseout="this.style.WebkitFilter='grayscale(100%)'">
		<a href="/brand/edeka" aria-label="Edeka">
			<img style="margin-top: 15%" src="https://cdn.kosik.cz/content/brand-logo/png/default/678.png" alt="Edeka" aria-hidden="true">
			<div class="company-text" aria-hidden="true">Edeka</div>
		</a>
	</div>
</div>

					</div>
				</div>
				<div class="region region-subscribe-box">
					<div class="region-inner region-subscribe-box-inner">
						<div class="block block-subscribe-box-logo">
							<a aria-hidden="true" href="/">
								<img src="/css/images/logo-white.svg" alt="Košík.cz">
							</a>
						</div>
						<div class="block block-subscribe-box-social">
							<a href="https://twitter.com/kosikcz" class="twitter" title="Twitter" aria-label="Twitter">
								<i class="fa fa-twitter" aria-hidden="true"></i>
							</a>
							<a href="https://www.facebook.com/kosikcz" title="Facebook" class="facebook" aria-label="Facebook">
								<i class="fa fa-facebook" aria-hidden="true"></i>
							</a>
							<a href="https://www.instagram.com/kosik.cz/" title="Instagram" class="instagram" aria-label="Instagram" >
								<i class="fa fa-instagram" aria-hidden="true"></i>
							</a>
						</div>

<div class="block block-subscribe-email" id="snippet-subscribeMailing-subscribeFormArea">
		<p>Novinky a akční nabídky</p>
		<form action="/napoje/pivo" method="post" class="ajax" id="frm-subscribeMailing-subscribe">
		<label for="frm-subscribeMailing-subscribe-email">Zadejte svůj e-mail</label>
		<input type="text" name="email" placeholder="Zadejte svůj e-mail" id="frm-subscribeMailing-subscribe-email" required data-nette-rules='[{"op":":filled","msg":"E-mail je povinný"},{"op":":email","msg":"E-mail nemá správný formát"}]'>
		<input type="submit" name="_submit" value="Přihlásit" class="subscribe-button button-simple button-green" aria-label="Přihlásit se k odběru novinek">
		<input type="hidden" name="do" value="subscribeMailing-subscribe-submit"><!--[if IE]><input type=IEbug disabled style="display:none"><![endif]-->
</form>

</div>
					</div>
				</div>

			</div>
		</div>

		<footer class="zone-wrapper zone-footer-wrapper clearfix" role="contentinfo">
			<div class="zone zone-footer clearfix">
				<h2 class="accessible">Patička</h2>
				<div class="region region-footer lighter-gray-bg">
					<div class="region-inner region-footer-inner">
						<div class="block block-footer-left">

	<ul>
		<li>
			<h4 class="footer-title">Nakupování</h4>
			<ul>
				<li>
					<a href="/pripravene-nakupy">Připravené nákupy</a>
				</li>
				<li>
					<a href="/pruvodce-nakupem">Průvodce nákupem</a>
				</li>
				<li>
					<a href="/produkty-v-akci">Produkty v akci</a>
				</li>
				<li>
					<a href="/brands">Značkové obchody</a>
				</li>
				<li>
					<a href="/doporucujeme">Doporučujeme</a>
				</li>
			</ul>
		</li>
	</ul>
	<ul>
		<li>
			<h4 class="footer-title">Společnost</h4>
			<ul>
				<li>
					<a href="/spolecnost/kontakt">Kontakt</a>
				</li>
				<li>
					<a href="/kariera">Kariéra</a>
				</li>
				<li>
					<a href="/spolecnost/obchodni-podminky">Obchodní podmínky</a>
				</li>
				<li>
					<a href="/spolecnost/zrusit-odber">Zrušit odběr akční nabídky</a>
				</li>
			</ul>
		</li>
	</ul>
	<ul>
		<li>
			<h4 class="footer-title">Zajímá vás</h4>
			<ul>
				<li>
					<a href="/zajima-vas/proc-vybrat-kosik">Proč vybrat Košík.cz?</a>
				</li>
				<li>
					<a href="/zajima-vas/caste-dotazy">Časté dotazy</a>
				</li>
				<li>
					<a href="/zajima-vas/spoluprace">Spolupráce</a>
				</li>
				<li>
					<a href="/vitejte">První nákup</a>
				</li>
			</ul>
		</li>
	</ul>
	<ul>
		<li>
			<h4 class="footer-title">Získejte</h4>
			<ul>
				<li>
					<a href="/informace-o-rozvozu-a-cenach">Informace o rozvozu a cenách</a>
				</li>
				<li>
					<a href="/garance-spokojenosti">Garance spokojenosti</a>
				</li>
			</ul>
		</li>
	</ul>
						</div>
						<div class="block block-footer-right">
							<a href="https://www.facebook.com/kosikcz" class="accessible">Facebook Košík.cz</a>
							<div class="fb-page" data-href="https://www.facebook.com/kosikcz" data-width="300"
								 data-height="200"
								 data-small-header="true" data-adapt-container-width="false" data-hide-cover="false"
								 data-show-facepile="true" data-show-posts="false" aria-hidden="true">
								<div class="fb-xfbml-parse-ignore">
									<blockquote cite="https://www.facebook.com/kosikcz"><a
												href="https://www.facebook.com/kosikcz">Facebook</a></blockquote>
								</div>
							</div>
						</div>
						<div class="clear"></div>
						<div class="block block-footer-services">
							<div class="service-contact">
								<div class="service-phone">
									<span class="circle"><i class="fa fa-phone" aria-label="Telefon"></i></span>
									<p>226 220 500 <span>Denně 7:00 až 22:00</span></p>
							</div>
								<div class="service-mail">
									<span class="circle"><i class="fa fa-envelope" aria-label="E-mail"></i></span>

									<p>zakaznici@kosik.cz <span>Vašim e-mailům se věnujeme 7 dní v týdnu.</span></p>
								</div>
							</div>
							<div class="service-payment">
									<div class="payment">
										<img src="/css/images/payment-1.png" alt="Bezpečná platba - 1">
									</div>
									<div class="payment">
										<img src="/css/images/payment-2.png" alt="Bezpečná platba - 2">
									</div>
									<div class="payment">
										<img src="/css/images/payment-3.png" alt="Bezpečná platba - 3">
									</div>
									<div class="payment">
										<img src="/css/images/payment-4.png" alt="Bezpečná platba - 4">
									</div>
									<div class="payment">
										<img src="/css/images/payment-5.png" alt="Bezpečná platba - 5">
									</div>
							</div>
						</div>
					</div>
				</div>
				<div class="region region-copyright">
					<div class="region-inner region-copyright-inner">
						<p>Copyright ©2017 &copy; Košík.cz. Všechna práva vyhrazena.</p>
												<!-- Facebook Pixel Code -->
						<script>
							!function (f, b, e, v, n, t, s){if(f.fbq)return;n=f.fbq=function(){n.callMethod?
				n.callMethod.apply(n,arguments):n.queue.push(arguments)};if(!f._fbq)f._fbq=n;
				n.push=n;n.loaded=!0;n.version='2.0';n.queue=[];t=b.createElement(e);t.async=!0;
				t.src=v;s=b.getElementsByTagName(e)[0];s.parentNode.insertBefore(t,s)}(window,
									document, 'script', '//connect.facebook.net/en_US/fbevents.js');
							fbq('init', '338087796401059');
							fbq('track', "PageView");</script>
						<noscript><img height="1" width="1" style="display:none"
									   src="https://www.facebook.com/tr?id=338087796401059&ev=PageView&noscript=1"
							></noscript>
						<!-- End Facebook Pixel Code -->
					</div>
				</div>
			</div>
		</footer>

				<section class="kosik-modal-overlay zero-padding" id="weighable-modal" role="dialog" tabindex="-1">
			<div class="kosik-modal-inner large  super-scaled">

				<a href="javascript:void(0)" aria-label="Zavřít dialog" class="kosik-modal-close"></a>

				<div class="region region-fullwidth-image">
					<div class="region-inner region-fullwidth-image-inner">
						<img src="/css/images/veg.jpg" alt="">
					</div>
				</div>
				<div class="region region-modal-content">
					<div class="region-inner region-modal-content-inner  align-center">
						<h1 class="title"><strong>Kolik u nás zaplatíte</strong> <span>za maso, ovoce a zeleninu?</span></h1>

						<div class="block block-steps">
							<div class="block-steps-inner">
								<div class="step">
																		<p class="step-text">Slovíčka „cca" se u nás bát nemusíte! Jde pouze o přibližný
										odhad ceny, <strong>ve finále vám naúčtujeme pouze reálnou váhu daného
											výrobku.</strong></p>
								</div>
								<div class="step">
																		<p class="step-text">Při platbě v hotovosti vás kurýr obeznámí s výslednou cenou.
										Při platbě kartou vám případný rozdíl bude vrácen zpět na váš účet.</p>
								</div>
								<div class="step">
																		<p class="step-text">Nikdy se však nebude jednat o rozdíl větší než 30% z ceny
										výrobku.</p>
								</div>
							</div>
						</div>
						<a class="button button-red green-button"
						   onclick="kosikModal.closeModal(document.getElementById('weighable-modal'))">Pokračovat v nákupu</a>
					</div>
				</div>

			</div>
		</section>




        <div class="kosik-modal-overlay" id="login-modal" role="dialog" tabindex="-1" aria-labelledby="login-modal-label">
            <div class="kosik-modal-inner medium super-scaled">
                <div class="login-modal-dialog-box">
<a href="javascript:void(0)" aria-label="Zavřít dialog" class="log-in-close-tag kosik-modal-close"></a>
<div class="login-modal" id="snippet-loginModal-signIn-singIN">
        <h2 id="login-modal-label">Přihlásit</h2>
        <form action="/napoje/pivo" method="post" id="frm-loginModal-signIn-signInForm">
            <div class="form-row">
                    <label for="frm-loginModal-signIn-signInForm-email">E-mailová adresa</label>
                <input type="text" name="email" maxlength="255" id="frm-loginModal-signIn-signInForm-email" required data-nette-rules='[{"op":":filled","msg":"Zadejte prosím svoji e-mailovou adresu."},{"op":":email","msg":"E-mailová adresa nemá správný formát."},{"op":":maxLength","msg":"Maximální délka e-mailové adresy je %length% znaků.","arg":255}]' class="form-control">
            </div>
            <div class="form-row">
                    <label for="frm-loginModal-signIn-signInForm-password">Heslo</label>
                <input type="password" name="password" id="frm-loginModal-signIn-signInForm-password" required data-nette-rules='[{"op":":filled","msg":"Zadejte prosím své heslo."}]' class="form-control">
            </div>
            <div class="form-row">
                <a class="ajax link-red" href="/napoje/pivo?do=loginModal-signIn-recovery">Zapomněli jste heslo?</a>
            </div>
            <div class="form-row">
                <input type="submit" name="send" value="Přihlásit" class="button button-red ajax">
            </div>
        <input type="hidden" name="do" value="loginModal-signIn-signInForm-submit"></form>

        <div class="form-row">
            <span class="row-delimiter">
                <b>nebo</b>
            </span>
        </div>
        <div class="form-row">
<a class="button button-facebook" data-href="true" href="/napoje/pivo?do=loginModal-signIn-facebook-fbLogin-open">Facebook přihlášení</a>        </div>
</div>
<div class="login-modal" id="snippet-loginModal-signUp-singUP">
    <h2>Registrovat</h2>
<div id="snippet-loginModal-signUp-register">        <form action="/napoje/pivo" method="post" id="frm-loginModal-signUp-signUpFormMain">
            <div class="form-row">
                    <label for="frm-loginModal-signUp-signUpFormMain-email">Registrační e-mail</label>
                <input type="text" name="email" maxlength="255" id="frm-loginModal-signUp-signUpFormMain-email" required data-nette-rules='[{"op":":filled","msg":"Zadejte prosím svou e-mailovou adresu."},{"op":":email","msg":"E-mailová adresa nemá správný formát."},{"op":":maxLength","msg":"Maximální délka e-mailové adresy je %length% znaků.","arg":255}]' class="form-control signup-email">
            </div>

            <div class="form-row">
                <a href="/zajima-vas/proc-vybrat-kosik" class="link-red">Proč se registrovat?</a>
            </div>
            <div class="form-row">
                <input type="submit" name="send" value="Registrovat" class="ajax button button-red">
            </div>
        <input type="hidden" name="do" value="loginModal-signUp-signUpFormMain-submit"><!--[if IE]><input type=IEbug disabled style="display:none"><![endif]-->
</form>

                                                <p class="benefits">
            <i class="fa fa-check"></i>
            <b>Garance</b> spokojenosti
        </p>
        <p class="benefits">
            <i class="fa fa-check"></i>
            <b>Doprava</b> zdarma
        </p>
</div></div>

<script async>
    $(".signup-email").on("focus", function() {
    	window.dataLayer = window.dataLayer || [];
	    window.dataLayer.push({
		    'event': 'ga.event',
		    'eCategory': 'User',
		    'eAction': 'Registration',
		    'eLabel': 'Start',
		    'eValue': 1,
		    'eNonInteractionHit': true,
		    'eventCallback' : function() {
			    window.dataLayer.push({
				    'eCategory': undefined,
				    'eAction': undefined,
				    'eLabel': undefined,
				    'eValue': undefined,
				    'eNonInteractionHit': false
			    });
		    }
	    });
    })
</script>
                </div>
            </div>
        </div>
    <div class="kosik-modal-overlay" id="product-set-add-modal" role="dialog" tabindex="-1">
        <div class="kosik-modal-inner medium super-scaled">
            <a href="javascript:void(0)" aria-label="Zavřít dialog" class="kosik-modal-close"></a>

				<div class="product-set-add-modal-overlay" id="snippet--productSetModalArea">
	<h3>Přidání na seznam</h3>
	<p align="center">Produkt byl přidán na nákupní seznam</p>
				</div>
			</div>
		</div>
	</div>

	<script type="text/javascript">
		$(document).ready(function () {
			$('.region-brands-carousel-inner').slick({
				dots: false,
				infinite: true,
				slidesToShow: 6,
				slidesToScroll: 6,
				responsive: [
					{
						breakpoint: 1025,
						settings: {
							slidesToShow: 5,
                            swipeToSlide: true
						}
					},
					{
						breakpoint: 769,
						settings: {
							slidesToShow: 4,
                            swipeToSlide: true
						}
					},
					{
						breakpoint: 559,
						settings: {
							slidesToShow: 3,
                            swipeToSlide: false,
                            slidesToScroll: 3,
						}
					},
					{
						breakpoint: 380,
						settings: {
							slidesToShow: 2,
                            swipeToSlide: false,
                            slidesToScroll: 2,
						}
					}
				]
			});
		});

	</script>
</div>        </div>
        <div class="flass-massege-box" id="snippet--flashes">
            <div class="flass-wrapper">
                <div class="flass-inner">
                </div>
            </div>

        </div>
        <script src="/js/kosik-slider.js"></script>
            <script type="text/javascript" async>
                var ua = navigator.userAgent.toLowerCase(),
                        platform = navigator.platform.toLowerCase();
                platformName = ua.match(/ip(?:ad|od|hone)/) ? 'ios' : (ua.match(/(?:webos|android)/) || platform.match(/mac|win|linux/) || ['other'])[0],
                        isMobile = /ios|android|webos/.test(platformName);
                if (!isMobile) {
                    <!-- Daktela Chat - START Body -->
                    var _daktelaChatInit = _daktelaChatInit || {};
                    _daktelaChatInit.server = 'https://digitalengines.daktela.com/';
                    _daktelaChatInit.accessToken = 'q3059750300809p3r611r01np2n63r7r';
                    _daktelaChatInit.queueName = '91001';
                    jQuery('head').append('<script type="text/javascript" charset="utf-8" src="'+
                    _daktelaChatInit.server+'external/chat/chat.v6.js" async><'+'/script>');
                    <!-- Daktela Chat - END Body -->
                }
            </script>
            <script async src="https://yottlyscript.com/script.js?tp=77"></script>

        <script src="/js/wNumb.js"></script>
        <script src="/js/nouislider.js"></script>
        <script src="/js/notification.js"></script>
        <script src="/js/slim.kickstart.min.js"></script>


		    </body>
</html>
