<!doctype html>
<html class="no-js" lang="cs">
    <head>
        <meta charset="utf-8">
        <title>
                Cereálie a musli | Košík.cz
        </title>
        <meta name="description" content="">
        <meta name="viewport" content="width=device-width, initial-scale=1.0, minimum-scale=1.0, maximum-scale=1.0, user-scalable=0">
        <meta name="google-site-verification" content="D_TktPqmDVHPoqRO1IIcPVlm_ozerAa43QP0QcKATP0">
        <link rel="apple-touch-icon" href="/css/images/logo.png">
        <link rel="stylesheet" type="text/css" href="/css/slim.min.css">

<link rel="stylesheet" type="text/css" href="/webtemp/cssloader-6fe495a87813.css?1513959590">
<script type="text/javascript" src="/webtemp/jsloader-e4f5f7728c43.js?1511346204"></script>
<script type="text/javascript">
    function currentPageDataPush() {
	    window.dataLayer = window.dataLayer || [];
	    window.dataLayer.push({
		    'pageType': "category",
		    'pageCategory': ["Trvanlivé","Cereálie a musli"],
		    'visitorLoginState': 'Anonymous',
			
	    });
    };
    currentPageDataPush();
</script>
<!-- Google Tag Manager -->
    <script>
        (
            function(w,d,s,l,i){
                w[l]=w[l]||[];
                w[l].push({'gtm.start':new Date().getTime(),event:'gtm.js'});
                var f=d.getElementsByTagName(s)[0],j=d.createElement(s),dl=l!='dataLayer'?'&l='+l:'';
                j.async=true;
                j.src='https://www.googletagmanager.com/gtm.js?id='+i+dl;
                f.parentNode.insertBefore(j,f);
            }
        )(window,document,'script','dataLayer',"GTM-MXLVZK");
    </script>
<!-- End Google Tag Manager -->        
                    </head>
    <body>
<!-- Google Tag Manager (noscript) -->
	<noscript><iframe src="https://www.googletagmanager.com/ns.html?id=GTM-MXLVZK" height="0" width="0" style="display:none;visibility:hidden"></iframe></noscript>
<!-- End Google Tag Manager (noscript) -->
	            <div id="fb-root"></div>
        <script async>(function (d, s, id) {
                var js, fjs = d.getElementsByTagName(s)[0];
                if (d.getElementById(id)) return;
                js = d.createElement(s);
                js.id = id;
                js.src = "//connect.facebook.net/en_US/sdk.js#xfbml=1&version=v2.4&appId=680354828760786";
                fjs.parentNode.insertBefore(js, fjs);
            }(document, 'script', 'facebook-jssdk'));
        </script>
        <div class="black-overlay"></div>
        <div id="kosik-modal-blur">
<div id="snippet--wholeContent">	<!--[if lt IE 8]>
	<p class="browserupgrade">You are using an <strong>outdated</strong> browser. Please <a
			href="http://browsehappy.com/">upgrade your browser</a> to improve your experience.</p>
	<![endif]-->
	<div class="body">
		<div id="skiptocontent">
						<button onclick='location.href = "#maincontent";'  class="skip-link" accesskey="o" tabindex="1" aria-label="Přejít na hlavní obsah (klávesa o)">Hlavní obsah [o]</button>
			<button onclick='location.href = "#big-menu";'  class="skip-link" accesskey="n" tabindex="1" href="" aria-label="Přejít na navigaci (klávesa n)">Přejít na navigaci [n]</button>
			<button onclick='location.href = "#frm-suggester-suggester-phrase";'  class="skip-link" accesskey="v" tabindex="1" aria-label="Přejít na vyhledání (klávesa v)">Přejít na vyhledání [v]</button>

				<button class="skip-link blur-modal-overlay kosik-modal-open log-out-icon" tabindex="1" data-target="login-modal" aria-label="Přihlásit se (nejste přihlášen)">Přihlásit se</button>
		</div>

		<header>
			<div class="zone-wrapper zone-header-wrapper clearfix">
<div id="snippet-cookiesAgreementControl-bar">    <div class="region region-cookie-message">
        <div class="region-inner region-cookie-message-inner">
            <span>Cookies nám pomáhají poskytovat lepší služby. Používáním/zobrazováním stránky vyjadřujete souhlas s jejich používáním a uchováváním.</span>
            <a class="btn-info ajax" aria-label="Souhlasím s používáním a uchováváním cookies" href="/trvanlive/cerealie-a-musli?do=cookiesAgreementControl-agree">Souhlasím</a>
        </div>
    </div>
</div>				<div class="zone zone-header clearfix">
					<div class="region region-header">
						<div class="region-inner region-header-inner">
							<div class="block block-logo">
								<a class="header-logo" href="/">
									<img src="/css/images/logo.svg" alt="logo Kosik.cz">
								</a>
							</div>
<script>
    $(document).ready(function(){
        var timeout;

		$('.block-suggester-container').on('click',function(e){

			e.stopPropagation();

        });

        $('.block-suggester-container .suggester input[type=text]').keyup(function(){
            var self = $(this);

            if(timeout) clearTimeout(timeout);

            timeout = setTimeout(function(){
                $.nette.ajax({
                    url: "https:\/\/www.kosik.cz\/trvanlive\/cerealie-a-musli?do=suggester-suggest",
                    data: {
                        phrase: self.val()
                    }
                })
            }, 300);


        });

    });

    function gaPush(self, cat)
    {
        dataLayer.push({
            'event': 'ga.pageview',
            'pagePath': '/hledat?q='+$('#frm-suggester-suggester-phrase').val()+'&cat='+cat,
            'pageTitle': 'Našeptávač'
        });

        window.location = self.href;
    }
</script>
<div class="block block-suggester-container" role="search">
    <div class="suggester">
        <form action="/trvanlive/cerealie-a-musli" method="post" id="frm-suggester-suggester" aria-label="vyhledávání na košíku">
            <input type="text" name="phrase" autocomplete="off" placeholder="Vyhledávání" id="frm-suggester-suggester-phrase">
            <input type="submit" name="_submit" value="Hledat" class="button-simple button-red">
        <input type="hidden" name="do" value="suggester-suggester-submit"><!--[if IE]><input type=IEbug disabled style="display:none"><![endif]-->
</form>

    </div>
<div id="snippet-suggester-suggestionResult"></div></div>
<script type="text/javascript" async>
    var ShoppingList = {
        toggle: function () {
            basic.toggleClass(document.getElementById('shopping-list-overlay'), 'active')
        }
    };

    basic.documentReady(function () {

        var textArea = document.getElementById('frm-shoppingList-listForm-queries');

        if (textArea)
            textArea.setAttribute('placeholder', 'Například: \n\nMléko \nChléb \nVejce \nMaso \nRajče \n\n\nPro zadání klikněte do pole')
    });

</script>
<div class="block block-shopping-list" id="shopping-list-overlay">
    <a id="shopping-list" class="shopping-list button-simple button-red" onclick="ShoppingList.toggle()">Nákupní lístek</a>

    <div class="shopping-list-detail">
        <h5>Nákupní lístek</h5>

        <p>Napište hledané položky a klikněte na HLEDAT</p>
        <form action="/trvanlive/cerealie-a-musli" method="post" id="frm-checklist-listForm">
        <textarea name="queries" placeholder="Například:&amp;#13;&amp;#10;" id="frm-checklist-listForm-queries">Chléb
Nízkotučný jogurt
Vejce
Hladká mouka</textarea>
            <div class="shopping-list-buttons">
                <a href="#" class="link-red" onclick="document.getElementById('frm-checklist-listForm').submit();">Uložit lístek</a>
                <a onclick="ShoppingList.toggle()" class="link-red">Skrýt lístek</a>
                <input type="submit" name="_submit" value="Hledat" class="button button-red">
            </div>
        <input type="hidden" name="do" value="checklist-listForm-submit"><!--[if IE]><input type=IEbug disabled style="display:none"><![endif]-->
</form>

    </div>
</div>
                        <div class="block block-user-session">

							<div class="user-session-group">
									<a class="log-icon log-out-icon blur-modal-overlay kosik-modal-open log-out-icon"
									   data-target="login-modal"
									   aria-label="Přihlásit se"
									   href="javascript:void(0)">
										<span><img src="/svg/log-out.svg"  title="Nepřihlášený uživatel"></span>
										Přihlásit
									</a>


							</div>

							</div>
							<script type="text/javascript">
								$(document).ready(function () {
									$('.block-user-session .button').click(function (event) {
										$('.block-user-session').toggleClass('open');
									});
								});
							</script>
						</div>
					</div>

					<div class="mobile-fixed-header" id="fixed-header">
						<span class="navigation-mobile only-mobile"></span>
						<span class="suggester-mobile-switcher icon-search"></span>
<div class="region region-nav-special" role="navigation">
    <div class="region-inner region-nav-special-inner">
        <ul>
            <li><a href="/produkty-v-akci" data-href="true" >
                    <img src="/svg/action.svg" aria-hidden="true" alt="akce">
                    <span class="item-name-desktop">Akce</span>
                </a></li>
            <li><a href="/vyprodej" data-href="true">
                    <img src="/svg/sale.svg" aria-hidden="true" alt="výprodej">
                    <span class="item-name-desktop">Výprodej</span>
                </a></li>
                        <li></li>
            <li><a href="/recepty" data-href="true">
                    <img src="/svg/recipes.svg" aria-hidden="true" alt="recepty">
                    <span class="item-name-desktop">Recepty</span>
                </a></li>
            <li><a href="https://blog.kosik.cz" data-href="true" target="_blank">
                    <img src="/svg/blog.svg" aria-hidden="true" alt="blog">
                    <span class="item-name-desktop">Blog</span>
                </a></li>
            <li><a href="/delikatesy">
                    <img src="/svg/deli.svg" aria-hidden="true" alt="delikatesy">
                    <span class="item-name-desktop">Delikatesy</span>
                </a></li>
            <li><a href="/hotova-jidla">
                    <img src="/svg/ready-made-meal.svg" aria-hidden="true" alt="hotová jídla">
                    <span class="item-name-desktop">Hotová jídla</span>
                </a></li>
            <li><a class="christmas-link" href="/#christmas-inspiration">
                    <img src="/svg/vanoce.svg" aria-hidden="true" alt="Vánoce">
                    <span class="item-name-desktop">Vánoce</span>
                </a></li>
            <li><a href="/poctive-piti">
                    <img src="/svg/honest-drinks.svg" aria-hidden="true" alt="poctivé pití">
                    <span class="item-name-desktop">Poctivé pití</span>
                </a></li>
        </ul>
    </div>
</div>

<div class="region region-navigation" id="big-menu" role="navigation">
    <div class="region-inner region-navigation-inner">
        <span class="navigation-mobile"></span>
        <script>
            $(document).ready(function () {
                $('.region-navigation ul > li.sub').hover(function () {
                    var isOpen = $(this).data().open;

                    if (!isOpen) {
                        var images = $(this).find('img');

                        images.each(function (index, element) {
                            $(element).attr('src', $(element).data().src);
                        });

                        $(this).data().open = true;
                    }
                });
            });
        </script>

        <ul>
                <li class="login-modal-controls  mobile-small-nav-show">
                    <a class="log-in blur-modal-overlay kosik-modal-open" data-target="login-modal" id="signup-open">
                        Registrovat
                    </a>
                    <a class="log-in blur-modal-overlay kosik-modal-open" data-target="login-modal" id="signin-open">
                        Přihlásit
                    </a>
                </li>
                <li class="facebook-nav  mobile-small-nav-show">
<a class="button button-facebook" data-href="true" href="/trvanlive/cerealie-a-musli?do=menu-facebook-fbLogin-open">Facebook přihlášení</a>                </li>


                        <div class="menu-nav-icons mobile-small-nav-show">

                <div class="ico-text-group">
                    <a class="ico-text-group-link" href="/produkty-v-akci" data-href="true">
                        <span class="item-name">Akce</span>
                        <img src="/svg/action.svg" aria-hidden="true" alt="akce">
                    </a>
                </div>


                <div class="ico-text-group">
                    <a class="ico-text-group-link" href="/vyprodej" data-href="true">
                        <span class="item-name">Výprodej</span>
                        <img src="/svg/sale.svg" aria-hidden="true" alt="výprodej">
                    </a>
                </div>


                
                <div class="ico-text-group">
                    <a class="ico-text-group-link" href="/recepty" data-href="true">
                        <span class="item-name">Recepty</span>
                        <img src="/svg/recipes.svg" aria-hidden="true" alt="recepty">
                    </a>
                </div>

               <div class="ico-text-group">
                    <a class="ico-text-group-link" href="https://blog.kosik.cz" data-href="true" target="_blank">
                        <span class="item-name">Blog</span>
                        <img src="/svg/blog.svg" aria-hidden="true" alt="blog">
                    </a>
                </div>

                <div class="ico-text-group">
                    <a class="ico-text-group-link" href="/delikatesy" data-href="true">
                        <span class="item-name">Delikatesy</span>
                        <img src="/svg/deli.svg" aria-hidden="true" alt="delikatesy">
                    </a>
                </div>

                <div class="ico-text-group">
                    <a class="ico-text-group-link" href="/hotova-jidla" data-href="true">
                        <span class="item-name">Hotová jídla</span>
                        <img src="/svg/ready-made-meal.svg" aria-hidden="true" alt="hotová jídla">
                    </a>
                </div>

                <div class="ico-text-group">
                    <a class="ico-text-group-link christmas-link" href="/#christmas-inspiration" data-href="true" >
                        <span class="item-name">Vánoce</span>
                        <img src="/svg/vanoce.svg" aria-hidden="true" alt="Vánoce">
                    </a>
                </div>

                <div class="ico-text-group">
                    <a class="ico-text-group-link" href="/poctive-piti" data-href="true" >
                        <span class="item-name">Poctivé pití</span>
                        <img src="/svg/honest-drinks.svg" aria-hidden="true" alt="Poctivé pití">
                    </a>
                </div>
            </div>

                <li class="sub with-children"
                    data-open="false">
                    <a href="/mlecne-a-chlazene">
                        Mléčné a chlazené
                    </a>
                        <span class="category-toggle-sub mobile-small-nav-show"
                              onclick="this.parentNode.classList.toggle('open')">
							<i class="fa fa-angle-down" aria-hidden="true"></i>
						</span>
                    <div class="block block-droped-category">
                        <div class="block-droped-category-inner">
                            <div class="category-product-list">

                                                                <div class="product-type">
                                    <a href="/mlecne-a-chlazene/mlecne-vyrobky-vejce" class="product-type-image">
                                        <img data-src="https://cdn.kosik.cz/content/category/svg/menu/908.svg" alt="Mléčné výrobky, vejce">
                                    </a>
                                    <h3>
                                        <a class="children" href="/mlecne-a-chlazene/mlecne-vyrobky-vejce">
                                            Mléčné výrobky, vejce
                                        </a>
                                    </h3>

                                                                        <div class="categories-container">

                                                <a href="/mlecne-a-chlazene/mlecne-vyrobky-vejce/bio-mlecne-vyrobky">
                                                    Bio mléčné výrobky,
                                                </a>

                                                <a href="/mlecne-a-chlazene/mlecne-vyrobky-vejce/drozdi">
                                                    Droždí,
                                                </a>

                                                <a href="/mlecne-a-chlazene/mlecne-vyrobky-vejce/mleko">
                                                    Mléko,
                                                </a>


                                                <a href="/mlecne-a-chlazene/mlecne-vyrobky-vejce/smetany-a-alternativy">
                                                    Smetany a alternativy,
                                                </a>

                                                <a href="/mlecne-a-chlazene/mlecne-vyrobky-vejce/jogurty">
                                                    Jogurty,
                                                </a>







                                        <a href="/mlecne-a-chlazene/mlecne-vyrobky-vejce">...</a>
                                    </div>
                                </div>
                                <div class="product-type">
                                    <a href="/mlecne-a-chlazene/syry" class="product-type-image">
                                        <img data-src="https://cdn.kosik.cz/content/category/svg/menu/936.svg" alt="Sýry">
                                    </a>
                                    <h3>
                                        <a class="children" href="/mlecne-a-chlazene/syry">
                                            Sýry
                                        </a>
                                    </h3>

                                                                        <div class="categories-container">

                                                <a href="/mlecne-a-chlazene/syry/platkove">
                                                    Plátkové,
                                                </a>

                                                <a href="/mlecne-a-chlazene/syry/blocky">
                                                    Bločky,
                                                </a>

                                                <a href="/mlecne-a-chlazene/syry/strouhane">
                                                    Strouhané,
                                                </a>

                                                <a href="/mlecne-a-chlazene/syry/cottage-a-cerstve">
                                                    Cottage a čerstvé,
                                                </a>



                                                <a href="/mlecne-a-chlazene/syry/termizovane">
                                                    Termizované,
                                                </a>









                                        <a href="/mlecne-a-chlazene/syry">...</a>
                                    </div>
                                </div>
                                <div class="product-type">
                                    <a href="/mlecne-a-chlazene/upraveny-obsah-laktozy" class="product-type-image">
                                        <img data-src="https://cdn.kosik.cz/content/category/svg/menu/1703.svg" alt="Upravený obsah laktózy">
                                    </a>
                                    <h3>
                                        <a class="children" href="/mlecne-a-chlazene/upraveny-obsah-laktozy">
                                            Upravený obsah laktózy
                                        </a>
                                    </h3>

                                                                        <div class="categories-container">


                                                <a href="/mlecne-a-chlazene/upraveny-obsah-laktozy/bez-laktozy">
                                                    Bez laktózy,
                                                </a>
                                        <a href="/mlecne-a-chlazene/upraveny-obsah-laktozy">...</a>
                                    </div>
                                </div>
                                <div class="product-type">
                                    <a href="/mlecne-a-chlazene/maslo-margariny-tuky" class="product-type-image">
                                        <img data-src="https://cdn.kosik.cz/content/category/svg/menu/902.svg" alt="Máslo, margaríny, tuky">
                                    </a>
                                    <h3>
                                        <a class="children" href="/mlecne-a-chlazene/maslo-margariny-tuky">
                                            Máslo, margaríny, tuky
                                        </a>
                                    </h3>

                                                                        <div class="categories-container">

                                                <a href="/mlecne-a-chlazene/maslo-margariny-tuky/margariny">
                                                    Margaríny,
                                                </a>

                                                <a href="/mlecne-a-chlazene/maslo-margariny-tuky/maslo">
                                                    Máslo,
                                                </a>


                                                <a href="/mlecne-a-chlazene/maslo-margariny-tuky/sadlo">
                                                    Sádlo,
                                                </a>

                                        <a href="/mlecne-a-chlazene/maslo-margariny-tuky">...</a>
                                    </div>
                                </div>
                                <div class="product-type">
                                    <a href="/mlecne-a-chlazene/majonezy-tatarky-a-dresingy" class="product-type-image">
                                        <img data-src="https://cdn.kosik.cz/content/category/svg/menu/899.svg" alt="Majonézy, tatarky a dresingy">
                                    </a>
                                    <h3>
                                        <a class="children" href="/mlecne-a-chlazene/majonezy-tatarky-a-dresingy">
                                            Majonézy, tatarky a dresingy
                                        </a>
                                    </h3>

                                                                        <div class="categories-container">

                                                <a href="/mlecne-a-chlazene/majonezy-tatarky-a-dresingy/dresingy">
                                                    Dresingy,
                                                </a>

                                        <a href="/mlecne-a-chlazene/majonezy-tatarky-a-dresingy">...</a>
                                    </div>
                                </div>
                            </div>
                        </div>
                    </div>
                </li>
                <li class="sub with-children"
                    data-open="false">
                    <a href="/maso-a-ryby">
                        Maso a ryby
                    </a>
                        <span class="category-toggle-sub mobile-small-nav-show"
                              onclick="this.parentNode.classList.toggle('open')">
							<i class="fa fa-angle-down" aria-hidden="true"></i>
						</span>
                    <div class="block block-droped-category">
                        <div class="block-droped-category-inner">
                            <div class="category-product-list">

                                                                <div class="product-type">
                                    <a href="/maso-a-ryby/jehneci" class="product-type-image">
                                        <img data-src="https://cdn.kosik.cz/content/category/svg/menu/973.svg" alt="Jehněčí">
                                    </a>
                                    <h3>
                                        <a class="children" href="/maso-a-ryby/jehneci">
                                            Jehněčí
                                        </a>
                                    </h3>

                                                                        <div class="categories-container">

                                                <a href="/maso-a-ryby/jehneci/bio">
                                                    Bio,
                                                </a>

                                                <a href="/maso-a-ryby/jehneci/s-kosti">
                                                    S kostí,
                                                </a>

                                                <a href="/maso-a-ryby/jehneci/mlete">
                                                    Mleté,
                                                </a>
                                        <a href="/maso-a-ryby/jehneci">...</a>
                                    </div>
                                </div>
                                <div class="product-type">
                                    <a href="/maso-a-ryby/mlete-maso" class="product-type-image">
                                        <img data-src="https://cdn.kosik.cz/content/category/svg/menu/974.svg" alt="Mleté maso">
                                    </a>
                                    <h3>
                                        <a class="children" href="/maso-a-ryby/mlete-maso">
                                            Mleté maso
                                        </a>
                                    </h3>

                                                                        <div class="categories-container">

                                                <a href="/maso-a-ryby/mlete-maso/hovezi">
                                                    Hovězí,
                                                </a>

                                                <a href="/maso-a-ryby/mlete-maso/veprove">
                                                    Vepřové,
                                                </a>

                                                <a href="/maso-a-ryby/mlete-maso/jehneci">
                                                    Jehněčí,
                                                </a>

                                                <a href="/maso-a-ryby/mlete-maso/michane-mix">
                                                    Míchané (mix),
                                                </a>

                                                <a href="/maso-a-ryby/mlete-maso/drubezi">
                                                    Drůbeží,
                                                </a>
                                        <a href="/maso-a-ryby/mlete-maso">...</a>
                                    </div>
                                </div>
                                <div class="product-type">
                                    <a href="/maso-a-ryby/farmarske-a-specialni" class="product-type-image">
                                        <img data-src="https://cdn.kosik.cz/content/category/svg/menu/1858.svg" alt="Farmářské a speciální">
                                    </a>
                                    <h3>
                                        <a class="children" href="/maso-a-ryby/farmarske-a-specialni">
                                            Farmářské a speciální
                                        </a>
                                    </h3>

                                                                        <div class="categories-container">

                                                <a href="/maso-a-ryby/farmarske-a-specialni/farmarska-drubez">
                                                    Farmářská Drůbež,
                                                </a>

                                                <a href="/maso-a-ryby/farmarske-a-specialni/francouzska-drubez">
                                                    Francouzská drůbež,
                                                </a>
                                        <a href="/maso-a-ryby/farmarske-a-specialni">...</a>
                                    </div>
                                </div>
                                <div class="product-type">
                                    <a href="/maso-a-ryby/masa-na-grilovani-a-steaky" class="product-type-image">
                                        <img data-src="https://cdn.kosik.cz/content/category/svg/menu/1859.svg" alt="Masa na grilování a steaky">
                                    </a>
                                    <h3>
                                        <a class="children" href="/maso-a-ryby/masa-na-grilovani-a-steaky">
                                            Masa na grilování a steaky
                                        </a>
                                    </h3>

                                                                        <div class="categories-container">

                                                <a href="/maso-a-ryby/masa-na-grilovani-a-steaky/vyzrala-masa">
                                                    Vyzrálá masa,
                                                </a>

                                                <a href="/maso-a-ryby/masa-na-grilovani-a-steaky/masa-na-grilovani">
                                                    Masa na grilování,
                                                </a>

                                                <a href="/maso-a-ryby/masa-na-grilovani-a-steaky/masa-na-medailonky">
                                                    Masa na medailonky,
                                                </a>
                                        <a href="/maso-a-ryby/masa-na-grilovani-a-steaky">...</a>
                                    </div>
                                </div>
                                <div class="product-type">
                                    <a href="/maso-a-ryby/snadne-vareni-a-polotovary" class="product-type-image">
                                        <img data-src="https://cdn.kosik.cz/content/category/svg/menu/1860.svg" alt="Snadné vaření a polotovary">
                                    </a>
                                    <h3>
                                        <a class="children" href="/maso-a-ryby/snadne-vareni-a-polotovary">
                                            Snadné vaření a polotovary
                                        </a>
                                    </h3>

                                                                        <div class="categories-container">

                                                <a href="/maso-a-ryby/snadne-vareni-a-polotovary/sous-vide">
                                                    Sous vide,
                                                </a>

                                                <a href="/maso-a-ryby/snadne-vareni-a-polotovary/burgery">
                                                    Burgery,
                                                </a>

                                                <a href="/maso-a-ryby/snadne-vareni-a-polotovary/klobasy">
                                                    Klobásy,
                                                </a>

                                                <a href="/maso-a-ryby/snadne-vareni-a-polotovary/vyvary">
                                                    Vývary,
                                                </a>

                                                <a href="/maso-a-ryby/snadne-vareni-a-polotovary/masne-polotovary">
                                                    Masné Polotovary,
                                                </a>
                                        <a href="/maso-a-ryby/snadne-vareni-a-polotovary">...</a>
                                    </div>
                                </div>
                                <div class="product-type">
                                    <a href="/maso-a-ryby/drubez" class="product-type-image">
                                        <img data-src="https://cdn.kosik.cz/content/category/svg/menu/961.svg" alt="Drůbež">
                                    </a>
                                    <h3>
                                        <a class="children" href="/maso-a-ryby/drubez">
                                            Drůbež
                                        </a>
                                    </h3>

                                                                        <div class="categories-container">

                                                <a href="/maso-a-ryby/drubez/bio">
                                                    Bio,
                                                </a>

                                                <a href="/maso-a-ryby/drubez/kachna-husa">
                                                    Kachna, husa,
                                                </a>

                                                <a href="/maso-a-ryby/drubez/droby">
                                                    Droby,
                                                </a>

                                                <a href="/maso-a-ryby/drubez/mlete">
                                                    Mleté,
                                                </a>

                                                <a href="/maso-a-ryby/drubez/specialni">
                                                    Speciální,
                                                </a>

                                                <a href="/maso-a-ryby/drubez/na-polevku">
                                                    Na polévku,
                                                </a>

                                                <a href="/maso-a-ryby/drubez/rodinne-baleni">
                                                    Rodinné balení,
                                                </a>





                                        <a href="/maso-a-ryby/drubez">...</a>
                                    </div>
                                </div>
                                <div class="product-type">
                                    <a href="/maso-a-ryby/hovezi" class="product-type-image">
                                        <img data-src="https://cdn.kosik.cz/content/category/svg/menu/967.svg" alt="Hovězí">
                                    </a>
                                    <h3>
                                        <a class="children" href="/maso-a-ryby/hovezi">
                                            Hovězí
                                        </a>
                                    </h3>

                                                                        <div class="categories-container">

                                                <a href="/maso-a-ryby/hovezi/mlete">
                                                    Mleté,
                                                </a>

                                                <a href="/maso-a-ryby/hovezi/na-polevku">
                                                    Na polévku,
                                                </a>

                                                <a href="/maso-a-ryby/hovezi/rodinne-baleni">
                                                    Rodinné balení,
                                                </a>

                                                <a href="/maso-a-ryby/hovezi/jalovice-krava">
                                                    Jalovice, kráva,
                                                </a>

                                                <a href="/maso-a-ryby/hovezi/mlady-byk">
                                                    Mladý býk,
                                                </a>


                                                <a href="/maso-a-ryby/hovezi/bio">
                                                    Bio,
                                                </a>

                                        <a href="/maso-a-ryby/hovezi">...</a>
                                    </div>
                                </div>
                                <div class="product-type">
                                    <a href="/maso-a-ryby/veprove" class="product-type-image">
                                        <img data-src="https://cdn.kosik.cz/content/category/svg/menu/980.svg" alt="Vepřové">
                                    </a>
                                    <h3>
                                        <a class="children" href="/maso-a-ryby/veprove">
                                            Vepřové
                                        </a>
                                    </h3>

                                                                        <div class="categories-container">

                                                <a href="/maso-a-ryby/veprove/v-celku">
                                                    V celku,
                                                </a>

                                                <a href="/maso-a-ryby/veprove/krajene">
                                                    Krájené,
                                                </a>

                                                <a href="/maso-a-ryby/veprove/droby">
                                                    Droby,
                                                </a>

                                                <a href="/maso-a-ryby/veprove/mlete">
                                                    Mleté,
                                                </a>

                                                <a href="/maso-a-ryby/veprove/uzene">
                                                    Uzené,
                                                </a>

                                                <a href="/maso-a-ryby/veprove/slaniny">
                                                    Slaniny,
                                                </a>

                                                <a href="/maso-a-ryby/veprove/rodinne-baleni">
                                                    Rodinné balení,
                                                </a>
                                        <a href="/maso-a-ryby/veprove">...</a>
                                    </div>
                                </div>
                                <div class="product-type">
                                    <a href="/maso-a-ryby/ryby" class="product-type-image">
                                        <img data-src="https://cdn.kosik.cz/content/category/svg/menu/975.svg" alt="Ryby">
                                    </a>
                                    <h3>
                                        <a class="children" href="/maso-a-ryby/ryby">
                                            Ryby
                                        </a>
                                    </h3>

                                                                        <div class="categories-container">

                                                <a href="/maso-a-ryby/ryby/cele-ryby">
                                                    Celé ryby,
                                                </a>

                                                <a href="/maso-a-ryby/ryby/filety">
                                                    Filety,
                                                </a>

                                                <a href="/maso-a-ryby/ryby/ceske-ryby">
                                                    České ryby,
                                                </a>

                                                <a href="/maso-a-ryby/ryby/morske">
                                                    Mořské,
                                                </a>

                                                <a href="/maso-a-ryby/ryby/sladkovodni">
                                                    Sladkovodní,
                                                </a>

                                                <a href="/maso-a-ryby/ryby/uzene">
                                                    Uzené,
                                                </a>

                                        <a href="/maso-a-ryby/ryby">...</a>
                                    </div>
                                </div>
                                <div class="product-type">
                                    <a href="/maso-a-ryby/zverina" class="product-type-image">
                                        <img data-src="https://cdn.kosik.cz/content/category/svg/menu/982.svg" alt="Zvěřina">
                                    </a>
                                    <h3>
                                        <a class="children" href="/maso-a-ryby/zverina">
                                            Zvěřina
                                        </a>
                                    </h3>

                                                                        <div class="categories-container">

                                                <a href="/maso-a-ryby/zverina/vysoka">
                                                    Vysoká,
                                                </a>

                                                <a href="/maso-a-ryby/zverina/cerna">
                                                    Černá,
                                                </a>
                                        <a href="/maso-a-ryby/zverina">...</a>
                                    </div>
                                </div>
                                <div class="product-type">
                                    <a href="/maso-a-ryby/bio" class="product-type-image">
                                        <img data-src="https://cdn.kosik.cz/content/category/svg/menu/981.svg" alt="Bio">
                                    </a>
                                    <h3>
                                        <a class="children" href="/maso-a-ryby/bio">
                                            Bio
                                        </a>
                                    </h3>

                                                                        <div class="categories-container">

                                                <a href="/maso-a-ryby/bio/hovezi">
                                                    Hovězí,
                                                </a>

                                                <a href="/maso-a-ryby/bio/drubezi">
                                                    Drůbeží,
                                                </a>

                                                <a href="/maso-a-ryby/bio/jehneci">
                                                    Jehněčí,
                                                </a>
                                        <a href="/maso-a-ryby/bio">...</a>
                                    </div>
                                </div>
                                <div class="product-type">
                                    <a href="/maso-a-ryby/susene-maso" class="product-type-image">
                                        <img data-src="https://cdn.kosik.cz/content/category/svg/menu/984.svg" alt="Sušené maso">
                                    </a>
                                    <h3>
                                        <a class="children" href="/maso-a-ryby/susene-maso">
                                            Sušené maso
                                        </a>
                                    </h3>

                                                                        <div class="categories-container">

                                                <a href="/maso-a-ryby/susene-maso/hovezi">
                                                    Hovězí,
                                                </a>

                                                <a href="/maso-a-ryby/susene-maso/veprove">
                                                    Vepřové,
                                                </a>

                                                <a href="/maso-a-ryby/susene-maso/drubezi">
                                                    Drůbeží,
                                                </a>

                                                <a href="/maso-a-ryby/susene-maso/ostatni">
                                                    Ostatní,
                                                </a>
                                        <a href="/maso-a-ryby/susene-maso">...</a>
                                    </div>
                                </div>
                            </div>
                        </div>
                    </div>
                </li>
                <li class="sub with-children"
                    data-open="false">
                    <a href="/ovoce-a-zelenina">
                        Ovoce a zelenina
                    </a>
                        <span class="category-toggle-sub mobile-small-nav-show"
                              onclick="this.parentNode.classList.toggle('open')">
							<i class="fa fa-angle-down" aria-hidden="true"></i>
						</span>
                    <div class="block block-droped-category">
                        <div class="block-droped-category-inner">
                            <div class="category-product-list">

                                                                <div class="product-type">
                                    <a href="/ovoce-a-zelenina/susene-orechy-a-semena" class="product-type-image">
                                        <img data-src="https://cdn.kosik.cz/content/category/svg/menu/1003.svg" alt="Sušené ořechy a semena">
                                    </a>
                                    <h3>
                                        <a class="children" href="/ovoce-a-zelenina/susene-orechy-a-semena">
                                            Sušené ořechy a semena
                                        </a>
                                    </h3>

                                                                        <div class="categories-container">

                                                <a href="/ovoce-a-zelenina/susene-orechy-a-semena/orechy">
                                                    Ořechy,
                                                </a>

                                                <a href="/ovoce-a-zelenina/susene-orechy-a-semena/semena">
                                                    Semena,
                                                </a>
                                        <a href="/ovoce-a-zelenina/susene-orechy-a-semena">...</a>
                                    </div>
                                </div>
                                <div class="product-type">
                                    <a href="/ovoce-a-zelenina/cerstve-stavy" class="product-type-image">
                                        <img data-src="https://cdn.kosik.cz/content/category/svg/menu/1756.svg" alt="Čerstvé šťávy">
                                    </a>
                                    <h3>
                                        <a class="children" href="/ovoce-a-zelenina/cerstve-stavy">
                                            Čerstvé šťávy
                                        </a>
                                    </h3>

                                                                    </div>
                                <div class="product-type">
                                    <a href="/ovoce-a-zelenina/ovoce" class="product-type-image">
                                        <img data-src="https://cdn.kosik.cz/content/category/svg/menu/993.svg" alt="Ovoce">
                                    </a>
                                    <h3>
                                        <a class="children" href="/ovoce-a-zelenina/ovoce">
                                            Ovoce
                                        </a>
                                    </h3>

                                                                        <div class="categories-container">

                                                <a href="/ovoce-a-zelenina/ovoce/jablka-a-hrusky">
                                                    Jablka a hrušky,
                                                </a>


                                                <a href="/ovoce-a-zelenina/ovoce/citrusy">
                                                    Citrusy,
                                                </a>

                                                <a href="/ovoce-a-zelenina/ovoce/hrozny-a-melouny">
                                                    Hrozny a melouny,
                                                </a>

                                                <a href="/ovoce-a-zelenina/ovoce/jahody-a-lesni-plody">
                                                    Jahody a lesní plody,
                                                </a>

                                        <a href="/ovoce-a-zelenina/ovoce">...</a>
                                    </div>
                                </div>
                                <div class="product-type">
                                    <a href="/ovoce-a-zelenina/zelenina" class="product-type-image">
                                        <img data-src="https://cdn.kosik.cz/content/category/svg/menu/1013.svg" alt="Zelenina">
                                    </a>
                                    <h3>
                                        <a class="children" href="/ovoce-a-zelenina/zelenina">
                                            Zelenina
                                        </a>
                                    </h3>

                                                                        <div class="categories-container">

                                                <a href="/ovoce-a-zelenina/zelenina/brambory">
                                                    Brambory,
                                                </a>

                                                <a href="/ovoce-a-zelenina/zelenina/cibule-a-cesnek">
                                                    Cibule a česnek,
                                                </a>

                                                <a href="/ovoce-a-zelenina/zelenina/korenova-zelenina">
                                                    Kořenová zelenina,
                                                </a>


                                                <a href="/ovoce-a-zelenina/zelenina/okurky-a-salaty">
                                                    Okurky a saláty,
                                                </a>





                                                <a href="/ovoce-a-zelenina/zelenina/houby">
                                                    Houby,
                                                </a>


                                        <a href="/ovoce-a-zelenina/zelenina">...</a>
                                    </div>
                                </div>
                                <div class="product-type">
                                    <a href="/ovoce-a-zelenina/bylinky" class="product-type-image">
                                        <img data-src="https://cdn.kosik.cz/content/category/svg/menu/989.svg" alt="Bylinky">
                                    </a>
                                    <h3>
                                        <a class="children" href="/ovoce-a-zelenina/bylinky">
                                            Bylinky
                                        </a>
                                    </h3>

                                                                        <div class="categories-container">

                                                <a href="/ovoce-a-zelenina/bylinky/bylinky-v-kvetinaci">
                                                    Bylinky v květináči,
                                                </a>

                                                <a href="/ovoce-a-zelenina/bylinky/rezane-bylinky">
                                                    Řezané bylinky,
                                                </a>
                                        <a href="/ovoce-a-zelenina/bylinky">...</a>
                                    </div>
                                </div>
                                <div class="product-type">
                                    <a href="/ovoce-a-zelenina/salaty" class="product-type-image">
                                        <img data-src="https://cdn.kosik.cz/content/category/svg/menu/1000.svg" alt="Saláty">
                                    </a>
                                    <h3>
                                        <a class="children" href="/ovoce-a-zelenina/salaty">
                                            Saláty
                                        </a>
                                    </h3>

                                                                        <div class="categories-container">

                                                <a href="/ovoce-a-zelenina/salaty/ovocne-salaty">
                                                    Ovocné saláty,
                                                </a>

                                                <a href="/ovoce-a-zelenina/salaty/zeleninove-salaty">
                                                    Zeleninové saláty,
                                                </a>
                                        <a href="/ovoce-a-zelenina/salaty">...</a>
                                    </div>
                                </div>
                                <div class="product-type">
                                    <a href="/ovoce-a-zelenina/susene-ovoce-smesi-a-houby" class="product-type-image">
                                        <img data-src="https://cdn.kosik.cz/content/category/svg/menu/1008.svg" alt="Sušené ovoce, směsi a houby">
                                    </a>
                                    <h3>
                                        <a class="children" href="/ovoce-a-zelenina/susene-ovoce-smesi-a-houby">
                                            Sušené ovoce, směsi a houby
                                        </a>
                                    </h3>

                                                                        <div class="categories-container">

                                                <a href="/ovoce-a-zelenina/susene-ovoce-smesi-a-houby/susene-ovoce">
                                                    Sušené ovoce,
                                                </a>

                                                <a href="/ovoce-a-zelenina/susene-ovoce-smesi-a-houby/susene-houby">
                                                    Sušené houby,
                                                </a>
                                        <a href="/ovoce-a-zelenina/susene-ovoce-smesi-a-houby">...</a>
                                    </div>
                                </div>
                                <div class="product-type">
                                    <a href="/ovoce-a-zelenina/bio" class="product-type-image">
                                        <img data-src="https://cdn.kosik.cz/content/category/svg/menu/986.svg" alt="Bio">
                                    </a>
                                    <h3>
                                        <a class="children" href="/ovoce-a-zelenina/bio">
                                            Bio
                                        </a>
                                    </h3>

                                                                        <div class="categories-container">

                                                <a href="/ovoce-a-zelenina/bio/bio-ovoce">
                                                    Bio ovoce,
                                                </a>

                                                <a href="/ovoce-a-zelenina/bio/bio-zelenina">
                                                    Bio zelenina,
                                                </a>
                                        <a href="/ovoce-a-zelenina/bio">...</a>
                                    </div>
                                </div>
                            </div>
                        </div>
                    </div>
                </li>
                <li class="sub with-children"
                    data-open="false">
                    <a href="/pecivo">
                        Pečivo
                    </a>
                        <span class="category-toggle-sub mobile-small-nav-show"
                              onclick="this.parentNode.classList.toggle('open')">
							<i class="fa fa-angle-down" aria-hidden="true"></i>
						</span>
                    <div class="block block-droped-category">
                        <div class="block-droped-category-inner">
                            <div class="category-product-list">

                                                                <div class="product-type">
                                    <a href="/pecivo/dorty-a-zakusky" class="product-type-image">
                                        <img data-src="https://cdn.kosik.cz/content/category/svg/menu/1033.svg" alt="Dorty a zákusky">
                                    </a>
                                    <h3>
                                        <a class="children" href="/pecivo/dorty-a-zakusky">
                                            Dorty a zákusky
                                        </a>
                                    </h3>

                                                                    </div>
                                <div class="product-type">
                                    <a href="/pecivo/bezne" class="product-type-image">
                                        <img data-src="https://cdn.kosik.cz/content/category/svg/menu/1028.svg" alt="Běžné">
                                    </a>
                                    <h3>
                                        <a class="children" href="/pecivo/bezne">
                                            Běžné
                                        </a>
                                    </h3>

                                                                        <div class="categories-container">

                                                <a href="/pecivo/bezne/balene-pecivo">
                                                    Balené pečivo,
                                                </a>

                                                <a href="/pecivo/bezne/svetle-pecivo">
                                                    Světlé pečivo,
                                                </a>

                                                <a href="/pecivo/bezne/slane-pecivo">
                                                    Slané pečivo,
                                                </a>

                                        <a href="/pecivo/bezne">...</a>
                                    </div>
                                </div>
                                <div class="product-type">
                                    <a href="/pecivo/chleb" class="product-type-image">
                                        <img data-src="https://cdn.kosik.cz/content/category/svg/menu/1034.svg" alt="Chléb">
                                    </a>
                                    <h3>
                                        <a class="children" href="/pecivo/chleb">
                                            Chléb
                                        </a>
                                    </h3>

                                                                        <div class="categories-container">

                                                <a href="/pecivo/chleb/chleb-baleny">
                                                    Chléb balený,
                                                </a>

                                                <a href="/pecivo/chleb/chleb-volny">
                                                    Chléb volný,
                                                </a>
                                        <a href="/pecivo/chleb">...</a>
                                    </div>
                                </div>
                                <div class="product-type">
                                    <a href="/pecivo/sladke" class="product-type-image">
                                        <img data-src="https://cdn.kosik.cz/content/category/svg/menu/1042.svg" alt="Sladké">
                                    </a>
                                    <h3>
                                        <a class="children" href="/pecivo/sladke">
                                            Sladké
                                        </a>
                                    </h3>

                                                                        <div class="categories-container">

                                                <a href="/pecivo/sladke/sladke-pecivo-balene">
                                                    Sladké pečivo balené,
                                                </a>

                                                <a href="/pecivo/sladke/sladke-pecivo-volne">
                                                    Sladké pečivo volné,
                                                </a>
                                        <a href="/pecivo/sladke">...</a>
                                    </div>
                                </div>
                                <div class="product-type">
                                    <a href="/pecivo/trvanlive-pecivo" class="product-type-image">
                                        <img data-src="https://cdn.kosik.cz/content/category/svg/menu/1045.svg" alt="Trvanlivé pečivo">
                                    </a>
                                    <h3>
                                        <a class="children" href="/pecivo/trvanlive-pecivo">
                                            Trvanlivé pečivo
                                        </a>
                                    </h3>

                                                                    </div>
                                <div class="product-type">
                                    <a href="/pecivo/bezlepkove-pecivo" class="product-type-image">
                                        <img data-src="https://cdn.kosik.cz/content/category/svg/menu/1027.svg" alt="Bezlepkové pečivo">
                                    </a>
                                    <h3>
                                        <a class="children" href="/pecivo/bezlepkove-pecivo">
                                            Bezlepkové pečivo
                                        </a>
                                    </h3>

                                                                    </div>
                            </div>
                        </div>
                    </div>
                </li>
                <li class="sub with-children"
                    data-open="false">
                    <a href="/uzeniny-a-lahudky">
                        Uzeniny a lahůdky
                    </a>
                        <span class="category-toggle-sub mobile-small-nav-show"
                              onclick="this.parentNode.classList.toggle('open')">
							<i class="fa fa-angle-down" aria-hidden="true"></i>
						</span>
                    <div class="block block-droped-category">
                        <div class="block-droped-category-inner">
                            <div class="category-product-list">

                                                                <div class="product-type">
                                    <a href="/uzeniny-a-lahudky/uzeniny" class="product-type-image">
                                        <img data-src="https://cdn.kosik.cz/content/category/svg/menu/1047.svg" alt="Uzeniny">
                                    </a>
                                    <h3>
                                        <a class="children" href="/uzeniny-a-lahudky/uzeniny">
                                            Uzeniny
                                        </a>
                                    </h3>

                                                                        <div class="categories-container">

                                                <a href="/uzeniny-a-lahudky/uzeniny/sunky">
                                                    Šunky,
                                                </a>

                                                <a href="/uzeniny-a-lahudky/uzeniny/salamy">
                                                    Salámy,
                                                </a>

                                                <a href="/uzeniny-a-lahudky/uzeniny/parky-a-spekacky">
                                                    Párky a špekáčky,
                                                </a>

                                                <a href="/uzeniny-a-lahudky/uzeniny/klobasy">
                                                    Klobásy,
                                                </a>

                                                <a href="/uzeniny-a-lahudky/uzeniny/uzena-masa">
                                                    Uzená  masa,
                                                </a>





                                        <a href="/uzeniny-a-lahudky/uzeniny">...</a>
                                    </div>
                                </div>
                                <div class="product-type">
                                    <a href="/uzeniny-a-lahudky/lahudky" class="product-type-image">
                                        <img data-src="https://cdn.kosik.cz/content/category/svg/menu/1062.svg" alt="Lahůdky">
                                    </a>
                                    <h3>
                                        <a class="children" href="/uzeniny-a-lahudky/lahudky">
                                            Lahůdky
                                        </a>
                                    </h3>

                                                                        <div class="categories-container">

                                                <a href="/uzeniny-a-lahudky/lahudky/hotova-jidla">
                                                    Hotová jídla,
                                                </a>

                                                <a href="/uzeniny-a-lahudky/lahudky/hotova-testa">
                                                    Hotová těsta,
                                                </a>


                                                <a href="/uzeniny-a-lahudky/lahudky/chlazene-pastiky">
                                                    Chlazené paštiky,
                                                </a>


                                                <a href="/uzeniny-a-lahudky/lahudky/rybi-speciality">
                                                    Rybí speciality,
                                                </a>



                                        <a href="/uzeniny-a-lahudky/lahudky">...</a>
                                    </div>
                                </div>
                            </div>
                        </div>
                    </div>
                </li>
                <li class="sub with-children"
                    data-open="false">
                    <a href="/mrazene">
                        Mražené
                    </a>
                        <span class="category-toggle-sub mobile-small-nav-show"
                              onclick="this.parentNode.classList.toggle('open')">
							<i class="fa fa-angle-down" aria-hidden="true"></i>
						</span>
                    <div class="block block-droped-category">
                        <div class="block-droped-category-inner">
                            <div class="category-product-list">

                                                                <div class="product-type">
                                    <a href="/mrazene/hotova-jidla" class="product-type-image">
                                        <img data-src="https://cdn.kosik.cz/content/category/svg/menu/1084.svg" alt="Hotová jídla">
                                    </a>
                                    <h3>
                                        <a class="children" href="/mrazene/hotova-jidla">
                                            Hotová jídla
                                        </a>
                                    </h3>

                                                                        <div class="categories-container">

                                                <a href="/mrazene/hotova-jidla/hlavni-jidla">
                                                    Hlavní jídla,
                                                </a>

                                                <a href="/mrazene/hotova-jidla/bezmasa-jidla">
                                                    Bezmasá jídla,
                                                </a>

                                                <a href="/mrazene/hotova-jidla/pizza">
                                                    Pizza,
                                                </a>

                                                <a href="/mrazene/hotova-jidla/obalovana">
                                                    Obalovaná,
                                                </a>

                                                <a href="/mrazene/hotova-jidla/ostatni">
                                                    Ostatní,
                                                </a>
                                        <a href="/mrazene/hotova-jidla">...</a>
                                    </div>
                                </div>
                                <div class="product-type">
                                    <a href="/mrazene/hranolky-a-krokety" class="product-type-image">
                                        <img data-src="https://cdn.kosik.cz/content/category/svg/menu/1089.svg" alt="Hranolky a krokety">
                                    </a>
                                    <h3>
                                        <a class="children" href="/mrazene/hranolky-a-krokety">
                                            Hranolky a krokety
                                        </a>
                                    </h3>

                                                                        <div class="categories-container">

                                                <a href="/mrazene/hranolky-a-krokety/hranolky">
                                                    Hranolky,
                                                </a>

                                                <a href="/mrazene/hranolky-a-krokety/krokety">
                                                    Krokety,
                                                </a>

                                                <a href="/mrazene/hranolky-a-krokety/zeleninove-hranolky">
                                                    Zeleninové hranolky,
                                                </a>

                                                <a href="/mrazene/hranolky-a-krokety/do-trouby">
                                                    Do trouby,
                                                </a>

                                        <a href="/mrazene/hranolky-a-krokety">...</a>
                                    </div>
                                </div>
                                <div class="product-type">
                                    <a href="/mrazene/zelenina-a-ovoce" class="product-type-image">
                                        <img data-src="https://cdn.kosik.cz/content/category/svg/menu/1097.svg" alt="Zelenina a ovoce">
                                    </a>
                                    <h3>
                                        <a class="children" href="/mrazene/zelenina-a-ovoce">
                                            Zelenina a ovoce
                                        </a>
                                    </h3>

                                                                        <div class="categories-container">

                                                <a href="/mrazene/zelenina-a-ovoce/spenat">
                                                    Špenát,
                                                </a>

                                                <a href="/mrazene/zelenina-a-ovoce/zelenina-jednodruhova">
                                                    Zelenina jednodruhová,
                                                </a>

                                                <a href="/mrazene/zelenina-a-ovoce/zeleninove-smesi">
                                                    Zeleninové směsi,
                                                </a>


                                                <a href="/mrazene/zelenina-a-ovoce/ovocne-smesi">
                                                    Ovocné směsi,
                                                </a>


                                        <a href="/mrazene/zelenina-a-ovoce">...</a>
                                    </div>
                                </div>
                                <div class="product-type">
                                    <a href="/mrazene/mrazene-maso-drubez-a-ryby" class="product-type-image">
                                        <img data-src="https://cdn.kosik.cz/content/category/svg/menu/1091.svg" alt="Mražené maso, drůbež a ryby">
                                    </a>
                                    <h3>
                                        <a class="children" href="/mrazene/mrazene-maso-drubez-a-ryby">
                                            Mražené maso, drůbež a ryby
                                        </a>
                                    </h3>

                                                                        <div class="categories-container">

                                                <a href="/mrazene/mrazene-maso-drubez-a-ryby/mrazena-drubez">
                                                    Mražená drůbež,
                                                </a>

                                                <a href="/mrazene/mrazene-maso-drubez-a-ryby/mrazene-maso">
                                                    Mražené maso,
                                                </a>

                                                <a href="/mrazene/mrazene-maso-drubez-a-ryby/mrazene-ryby">
                                                    Mražené ryby,
                                                </a>

                                        <a href="/mrazene/mrazene-maso-drubez-a-ryby">...</a>
                                    </div>
                                </div>
                                <div class="product-type">
                                    <a href="/mrazene/mrazene-pecivo-a-testo" class="product-type-image">
                                        <img data-src="https://cdn.kosik.cz/content/category/svg/menu/1096.svg" alt="Mražené pečivo a těsto">
                                    </a>
                                    <h3>
                                        <a class="children" href="/mrazene/mrazene-pecivo-a-testo">
                                            Mražené pečivo a těsto
                                        </a>
                                    </h3>

                                                                        <div class="categories-container">

                                                <a href="/mrazene/mrazene-pecivo-a-testo/pecivo-slane">
                                                    Pečivo slané,
                                                </a>

                                                <a href="/mrazene/mrazene-pecivo-a-testo/pecivo-sladke">
                                                    Pečivo sladké,
                                                </a>

                                                <a href="/mrazene/mrazene-pecivo-a-testo/testa">
                                                    Těsta,
                                                </a>
                                        <a href="/mrazene/mrazene-pecivo-a-testo">...</a>
                                    </div>
                                </div>
                                <div class="product-type">
                                    <a href="/mrazene/kolace-a-dorty" class="product-type-image">
                                        <img data-src="https://cdn.kosik.cz/content/category/svg/menu/1090.svg" alt="Koláče a dorty">
                                    </a>
                                    <h3>
                                        <a class="children" href="/mrazene/kolace-a-dorty">
                                            Koláče a dorty
                                        </a>
                                    </h3>

                                                                        <div class="categories-container">

                                                <a href="/mrazene/kolace-a-dorty/tvarohove">
                                                    Tvarohové,
                                                </a>

                                                <a href="/mrazene/kolace-a-dorty/ovocne">
                                                    Ovocné,
                                                </a>

                                                <a href="/mrazene/kolace-a-dorty/cokoladove">
                                                    Čokoládové,
                                                </a>
                                        <a href="/mrazene/kolace-a-dorty">...</a>
                                    </div>
                                </div>
                                <div class="product-type">
                                    <a href="/mrazene/zmrzliny" class="product-type-image">
                                        <img data-src="https://cdn.kosik.cz/content/category/svg/menu/1102.svg" alt="Zmrzliny">
                                    </a>
                                    <h3>
                                        <a class="children" href="/mrazene/zmrzliny">
                                            Zmrzliny
                                        </a>
                                    </h3>

                                                                        <div class="categories-container">

                                                <a href="/mrazene/zmrzliny/nanuky-a-kornouty">
                                                    Nanuky a kornouty,
                                                </a>

                                                <a href="/mrazene/zmrzliny/vanicky">
                                                    Vaničky,
                                                </a>

                                                <a href="/mrazene/zmrzliny/sorbet">
                                                    Sorbet,
                                                </a>
                                        <a href="/mrazene/zmrzliny">...</a>
                                    </div>
                                </div>
                            </div>
                        </div>
                    </div>
                </li>
                <li class="sub with-children"
                    data-open="false">
                    <a href="/napoje">
                        Nápoje
                    </a>
                        <span class="category-toggle-sub mobile-small-nav-show"
                              onclick="this.parentNode.classList.toggle('open')">
							<i class="fa fa-angle-down" aria-hidden="true"></i>
						</span>
                    <div class="block block-droped-category">
                        <div class="block-droped-category-inner">
                            <div class="category-product-list">

                                                                <div class="product-type">
                                    <a href="/napoje/poctive-piti" class="product-type-image">
                                        <img data-src="https://cdn.kosik.cz/content/category/svg/menu/1929.svg" alt="Poctivé pití">
                                    </a>
                                    <h3>
                                        <a class="children" href="/napoje/poctive-piti">
                                            Poctivé pití
                                        </a>
                                    </h3>

                                                                        <div class="categories-container">

                                                <a href="/napoje/poctive-piti/pivo-a-cider">
                                                    Pivo a cider,
                                                </a>

                                                <a href="/napoje/poctive-piti/limonady">
                                                    Limonády,
                                                </a>

                                                <a href="/napoje/poctive-piti/sirupy">
                                                    Sirupy,
                                                </a>

                                                <a href="/napoje/poctive-piti/mosty">
                                                    Mošty,
                                                </a>

                                                <a href="/napoje/poctive-piti/darkova-baleni">
                                                    Dárková balení,
                                                </a>
                                        <a href="/napoje/poctive-piti">...</a>
                                    </div>
                                </div>
                                <div class="product-type">
                                    <a href="/napoje/mineralni-a-pramenite" class="product-type-image">
                                        <img data-src="https://cdn.kosik.cz/content/category/svg/menu/1180.svg" alt="Minerální a pramenité">
                                    </a>
                                    <h3>
                                        <a class="children" href="/napoje/mineralni-a-pramenite">
                                            Minerální a pramenité
                                        </a>
                                    </h3>

                                                                        <div class="categories-container">

                                                <a href="/napoje/mineralni-a-pramenite/mineralni">
                                                    Minerální,
                                                </a>

                                                <a href="/napoje/mineralni-a-pramenite/pramenite">
                                                    Pramenité,
                                                </a>
                                        <a href="/napoje/mineralni-a-pramenite">...</a>
                                    </div>
                                </div>
                                <div class="product-type">
                                    <a href="/napoje/dzusy-a-detske" class="product-type-image">
                                        <img data-src="https://cdn.kosik.cz/content/category/svg/menu/1152.svg" alt="Džusy a dětské">
                                    </a>
                                    <h3>
                                        <a class="children" href="/napoje/dzusy-a-detske">
                                            Džusy a dětské
                                        </a>
                                    </h3>

                                                                        <div class="categories-container">

                                                <a href="/napoje/dzusy-a-detske/100-dzusy">
                                                    100% džusy,
                                                </a>

                                                <a href="/napoje/dzusy-a-detske/cerstve-dzusy">
                                                    Čerstvé džusy,
                                                </a>

                                                <a href="/napoje/dzusy-a-detske/mosty-a-100-stavy">
                                                    Mošty a 100% šťávy,
                                                </a>

                                                <a href="/napoje/dzusy-a-detske/nektary">
                                                    Nektary,
                                                </a>


                                        <a href="/napoje/dzusy-a-detske">...</a>
                                    </div>
                                </div>
                                <div class="product-type">
                                    <a href="/napoje/limonady-a-ledove-caje" class="product-type-image">
                                        <img data-src="https://cdn.kosik.cz/content/category/svg/menu/1171.svg" alt="Limonády a ledové čaje">
                                    </a>
                                    <h3>
                                        <a class="children" href="/napoje/limonady-a-ledove-caje">
                                            Limonády a ledové čaje
                                        </a>
                                    </h3>

                                                                        <div class="categories-container">

                                                <a href="/napoje/limonady-a-ledove-caje/limonady">
                                                    Limonády,
                                                </a>

                                                <a href="/napoje/limonady-a-ledove-caje/ledove-caje">
                                                    Ledové čaje,
                                                </a>
                                        <a href="/napoje/limonady-a-ledove-caje">...</a>
                                    </div>
                                </div>
                                <div class="product-type">
                                    <a href="/napoje/sirupy-a-koncentraty" class="product-type-image">
                                        <img data-src="https://cdn.kosik.cz/content/category/svg/menu/1207.svg" alt="Sirupy a koncentráty">
                                    </a>
                                    <h3>
                                        <a class="children" href="/napoje/sirupy-a-koncentraty">
                                            Sirupy a koncentráty
                                        </a>
                                    </h3>

                                                                        <div class="categories-container">

                                                <a href="/napoje/sirupy-a-koncentraty/sirupy">
                                                    Sirupy,
                                                </a>

                                                <a href="/napoje/sirupy-a-koncentraty/koncentraty">
                                                    Koncentráty,
                                                </a>

                                                <a href="/napoje/sirupy-a-koncentraty/barmanske-sirupy">
                                                    Barmanské sirupy,
                                                </a>
                                        <a href="/napoje/sirupy-a-koncentraty">...</a>
                                    </div>
                                </div>
                                <div class="product-type">
                                    <a href="/napoje/energy-drinky-iontove" class="product-type-image">
                                        <img data-src="https://cdn.kosik.cz/content/category/svg/menu/1159.svg" alt="Energy drinky, iontové">
                                    </a>
                                    <h3>
                                        <a class="children" href="/napoje/energy-drinky-iontove">
                                            Energy drinky, iontové
                                        </a>
                                    </h3>

                                                                    </div>
                                <div class="product-type">
                                    <a href="/napoje/caj-kava-a-ledova-kava" class="product-type-image">
                                        <img data-src="https://cdn.kosik.cz/content/category/svg/menu/1132.svg" alt="Čaj, káva a ledová káva">
                                    </a>
                                    <h3>
                                        <a class="children" href="/napoje/caj-kava-a-ledova-kava">
                                            Čaj, káva a ledová káva
                                        </a>
                                    </h3>

                                                                        <div class="categories-container">

                                                <a href="/napoje/caj-kava-a-ledova-kava/caj">
                                                    Čaj,
                                                </a>

                                                <a href="/napoje/caj-kava-a-ledova-kava/kava">
                                                    Káva,
                                                </a>

                                                <a href="/napoje/caj-kava-a-ledova-kava/ledova-kava">
                                                    Ledová káva,
                                                </a>
                                        <a href="/napoje/caj-kava-a-ledova-kava">...</a>
                                    </div>
                                </div>
                                <div class="product-type">
                                    <a href="/napoje/kakaa-cokolady-a-rozpustne" class="product-type-image">
                                        <img data-src="https://cdn.kosik.cz/content/category/svg/menu/1162.svg" alt="Kakaa, čokolády a rozpustné">
                                    </a>
                                    <h3>
                                        <a class="children" href="/napoje/kakaa-cokolady-a-rozpustne">
                                            Kakaa, čokolády a rozpustné
                                        </a>
                                    </h3>

                                                                        <div class="categories-container">


                                                <a href="/napoje/kakaa-cokolady-a-rozpustne/instantni-napoje">
                                                    Instantní nápoje,
                                                </a>

                                                <a href="/napoje/kakaa-cokolady-a-rozpustne/rozpustne-kavoviny">
                                                    Rozpustné kávoviny,
                                                </a>
                                        <a href="/napoje/kakaa-cokolady-a-rozpustne">...</a>
                                    </div>
                                </div>
                                <div class="product-type">
                                    <a href="/napoje/pivo" class="product-type-image">
                                        <img data-src="https://cdn.kosik.cz/content/category/svg/menu/1188.svg" alt="Pivo">
                                    </a>
                                    <h3>
                                        <a class="children" href="/napoje/pivo">
                                            Pivo
                                        </a>
                                    </h3>

                                                                        <div class="categories-container">

                                                <a href="/napoje/pivo/vycepni">
                                                    Výčepní,
                                                </a>

                                                <a href="/napoje/pivo/lezak">
                                                    Ležák,
                                                </a>

                                                <a href="/napoje/pivo/nealko">
                                                    Nealko,
                                                </a>

                                                <a href="/napoje/pivo/ale">
                                                    Ale,
                                                </a>

                                                <a href="/napoje/pivo/ochucene">
                                                    Ochucené,
                                                </a>

                                                <a href="/napoje/pivo/cider">
                                                    Cider,
                                                </a>

                                                <a href="/napoje/pivo/tmave">
                                                    Tmavé,
                                                </a>

                                                <a href="/napoje/pivo/psenicne">
                                                    Pšeničné,
                                                </a>



                                                <a href="/napoje/pivo/sudove">
                                                    Sudové,
                                                </a>


                                        <a href="/napoje/pivo">...</a>
                                    </div>
                                </div>
                                <div class="product-type">
                                    <a href="/napoje/vina" class="product-type-image">
                                        <img data-src="https://cdn.kosik.cz/content/category/svg/menu/1119.svg" alt="Vína">
                                    </a>
                                    <h3>
                                        <a class="children" href="/napoje/vina">
                                            Vína
                                        </a>
                                    </h3>

                                                                        <div class="categories-container">

                                                <a href="/napoje/vina/bila">
                                                    Bílá,
                                                </a>

                                                <a href="/napoje/vina/cervena">
                                                    Červená,
                                                </a>

                                                <a href="/napoje/vina/ruzova">
                                                    Řůžová,
                                                </a>

                                                <a href="/napoje/vina/sumiva-a-sampanske">
                                                    Šumivá a šampaňské,
                                                </a>
                                        <a href="/napoje/vina">...</a>
                                    </div>
                                </div>
                                <div class="product-type">
                                    <a href="/napoje/lihoviny" class="product-type-image">
                                        <img data-src="https://cdn.kosik.cz/content/category/svg/menu/1108.svg" alt="Lihoviny">
                                    </a>
                                    <h3>
                                        <a class="children" href="/napoje/lihoviny">
                                            Lihoviny
                                        </a>
                                    </h3>

                                                                        <div class="categories-container">

                                                <a href="/napoje/lihoviny/aperitivy">
                                                    Aperitivy,
                                                </a>

                                                <a href="/napoje/lihoviny/brandy-a-konak">
                                                    Brandy a koňak,
                                                </a>

                                                <a href="/napoje/lihoviny/gin-a-absinth">
                                                    Gin a absinth,
                                                </a>

                                                <a href="/napoje/lihoviny/rum">
                                                    Rum,
                                                </a>

                                                <a href="/napoje/lihoviny/vodka">
                                                    Vodka,
                                                </a>

                                                <a href="/napoje/lihoviny/whisky-a-bourbon">
                                                    Whisky a bourbon,
                                                </a>



                                        <a href="/napoje/lihoviny">...</a>
                                    </div>
                                </div>
                            </div>
                        </div>
                    </div>
                </li>
                <li class="sub with-children"
                    data-open="false">
                    <a href="/trvanlive">
                        Trvanlivé
                    </a>
                        <span class="category-toggle-sub mobile-small-nav-show"
                              onclick="this.parentNode.classList.toggle('open')">
							<i class="fa fa-angle-down" aria-hidden="true"></i>
						</span>
                    <div class="block block-droped-category">
                        <div class="block-droped-category-inner">
                            <div class="category-product-list">

                                                                <div class="product-type">
                                    <a href="/trvanlive/ocet-olej-cukr-sul-a-mouka" class="product-type-image">
                                        <img data-src="https://cdn.kosik.cz/content/category/svg/menu/1270.svg" alt="Ocet, olej, cukr, sůl a mouka">
                                    </a>
                                    <h3>
                                        <a class="children" href="/trvanlive/ocet-olej-cukr-sul-a-mouka">
                                            Ocet, olej, cukr, sůl a mouka
                                        </a>
                                    </h3>

                                                                        <div class="categories-container">

                                                <a href="/trvanlive/ocet-olej-cukr-sul-a-mouka/mouka">
                                                    Mouka,
                                                </a>

                                                <a href="/trvanlive/ocet-olej-cukr-sul-a-mouka/ocet">
                                                    Ocet,
                                                </a>

                                                <a href="/trvanlive/ocet-olej-cukr-sul-a-mouka/olej">
                                                    Olej,
                                                </a>

                                                <a href="/trvanlive/ocet-olej-cukr-sul-a-mouka/cukr">
                                                    Cukr,
                                                </a>

                                                <a href="/trvanlive/ocet-olej-cukr-sul-a-mouka/sul">
                                                    Sůl,
                                                </a>
                                        <a href="/trvanlive/ocet-olej-cukr-sul-a-mouka">...</a>
                                    </div>
                                </div>
                                <div class="product-type">
                                    <a href="/trvanlive/sladkosti" class="product-type-image">
                                        <img data-src="https://cdn.kosik.cz/content/category/svg/menu/1326.svg" alt="Sladkosti">
                                    </a>
                                    <h3>
                                        <a class="children" href="/trvanlive/sladkosti">
                                            Sladkosti
                                        </a>
                                    </h3>

                                                                        <div class="categories-container">

                                                <a href="/trvanlive/sladkosti/tabulkove-cokolady">
                                                    Tabulkové čokolády,
                                                </a>

                                                <a href="/trvanlive/sladkosti/cokoladove-tycinky">
                                                    Čokoládové tyčinky,
                                                </a>

                                                <a href="/trvanlive/sladkosti/bonboniery">
                                                    Bonboniéry,
                                                </a>




                                        <a href="/trvanlive/sladkosti">...</a>
                                    </div>
                                </div>
                                <div class="product-type">
                                    <a href="/trvanlive/ryze-lusteniny-testoviny-a-soja" class="product-type-image">
                                        <img data-src="https://cdn.kosik.cz/content/category/svg/menu/1295.svg" alt="Rýže, luštěniny, těstoviny a sója">
                                    </a>
                                    <h3>
                                        <a class="children" href="/trvanlive/ryze-lusteniny-testoviny-a-soja">
                                            Rýže, luštěniny, těstoviny a sója
                                        </a>
                                    </h3>

                                                                        <div class="categories-container">

                                                <a href="/trvanlive/ryze-lusteniny-testoviny-a-soja/ryze">
                                                    Rýže,
                                                </a>

                                                <a href="/trvanlive/ryze-lusteniny-testoviny-a-soja/lusteniny">
                                                    Luštěniny,
                                                </a>

                                                <a href="/trvanlive/ryze-lusteniny-testoviny-a-soja/testoviny">
                                                    Těstoviny,
                                                </a>
                                        <a href="/trvanlive/ryze-lusteniny-testoviny-a-soja">...</a>
                                    </div>
                                </div>
                                <div class="product-type">
                                    <a href="/trvanlive/slane" class="product-type-image">
                                        <img data-src="https://cdn.kosik.cz/content/category/svg/menu/1319.svg" alt="Slané">
                                    </a>
                                    <h3>
                                        <a class="children" href="/trvanlive/slane">
                                            Slané
                                        </a>
                                    </h3>

                                                                        <div class="categories-container">

                                                <a href="/trvanlive/slane/chipsy">
                                                    Chipsy,
                                                </a>

                                                <a href="/trvanlive/slane/krekry">
                                                    Krekry,
                                                </a>

                                                <a href="/trvanlive/slane/orisky-a-popcorn">
                                                    Oříšky a popcorn,
                                                </a>

                                                <a href="/trvanlive/slane/snacky">
                                                    Snacky,
                                                </a>
                                        <a href="/trvanlive/slane">...</a>
                                    </div>
                                </div>
                                <div class="product-type">
                                    <a href="/trvanlive/kecupy-horcice-kreny-a-protlaky" class="product-type-image">
                                        <img data-src="https://cdn.kosik.cz/content/category/svg/menu/1233.svg" alt="Kečupy, hořčice, křeny a protlaky">
                                    </a>
                                    <h3>
                                        <a class="children" href="/trvanlive/kecupy-horcice-kreny-a-protlaky">
                                            Kečupy, hořčice, křeny a protlaky
                                        </a>
                                    </h3>

                                                                        <div class="categories-container">

                                                <a href="/trvanlive/kecupy-horcice-kreny-a-protlaky/kecupy">
                                                    Kečupy,
                                                </a>

                                                <a href="/trvanlive/kecupy-horcice-kreny-a-protlaky/horcice">
                                                    Hořčice,
                                                </a>

                                                <a href="/trvanlive/kecupy-horcice-kreny-a-protlaky/kreny">
                                                    Křeny,
                                                </a>

                                                <a href="/trvanlive/kecupy-horcice-kreny-a-protlaky/protlaky">
                                                    Protlaky,
                                                </a>
                                        <a href="/trvanlive/kecupy-horcice-kreny-a-protlaky">...</a>
                                    </div>
                                </div>
                                <div class="product-type">
                                    <a href="/trvanlive/konzervovane-potraviny" class="product-type-image">
                                        <img data-src="https://cdn.kosik.cz/content/category/svg/menu/1238.svg" alt="Konzervované potraviny">
                                    </a>
                                    <h3>
                                        <a class="children" href="/trvanlive/konzervovane-potraviny">
                                            Konzervované potraviny
                                        </a>
                                    </h3>

                                                                        <div class="categories-container">

                                                <a href="/trvanlive/konzervovane-potraviny/zelenina">
                                                    Zelenina,
                                                </a>

                                                <a href="/trvanlive/konzervovane-potraviny/ovoce">
                                                    Ovoce,
                                                </a>

                                                <a href="/trvanlive/konzervovane-potraviny/maso-a-hotova-jidla">
                                                    Maso a hotová jídla,
                                                </a>

                                                <a href="/trvanlive/konzervovane-potraviny/pastiky">
                                                    Paštiky,
                                                </a>

                                                <a href="/trvanlive/konzervovane-potraviny/pomazanky">
                                                    Pomazánky,
                                                </a>

                                                <a href="/trvanlive/konzervovane-potraviny/ryby">
                                                    Ryby,
                                                </a>
                                        <a href="/trvanlive/konzervovane-potraviny">...</a>
                                    </div>
                                </div>
                                <div class="product-type">
                                    <a href="/trvanlive/mikulas-a-vanoce" class="product-type-image">
                                        <img data-src="https://cdn.kosik.cz/content/category/svg/menu/1318.svg" alt="Mikuláš a Vánoce">
                                    </a>
                                    <h3>
                                        <a class="children" href="/trvanlive/mikulas-a-vanoce">
                                            Mikuláš a Vánoce
                                        </a>
                                    </h3>

                                                                        <div class="categories-container">

                                                <a href="/trvanlive/mikulas-a-vanoce/vanocni-kolekce">
                                                    Vánoční kolekce,
                                                </a>

                                                <a href="/trvanlive/mikulas-a-vanoce/adventni-kalendare">
                                                    Adventní kalendáře,
                                                </a>

                                                <a href="/trvanlive/mikulas-a-vanoce/bonbony-a-cokolady">
                                                    Bonbóny a čokolády,
                                                </a>

                                        <a href="/trvanlive/mikulas-a-vanoce">...</a>
                                    </div>
                                </div>
                                <div class="product-type">
                                    <a href="/trvanlive/koreni-bujony-ochucovadla" class="product-type-image">
                                        <img data-src="https://cdn.kosik.cz/content/category/svg/menu/1266.svg" alt="Koření, bujóny, ochucovadla">
                                    </a>
                                    <h3>
                                        <a class="children" href="/trvanlive/koreni-bujony-ochucovadla">
                                            Koření, bujóny, ochucovadla
                                        </a>
                                    </h3>

                                                                        <div class="categories-container">

                                                <a href="/trvanlive/koreni-bujony-ochucovadla/koreni">
                                                    Koření,
                                                </a>

                                                <a href="/trvanlive/koreni-bujony-ochucovadla/bujony">
                                                    Bujóny,
                                                </a>

                                                <a href="/trvanlive/koreni-bujony-ochucovadla/ochucovadla">
                                                    Ochucovadla,
                                                </a>
                                        <a href="/trvanlive/koreni-bujony-ochucovadla">...</a>
                                    </div>
                                </div>
                                <div class="product-type">
                                    <a href="/trvanlive/prisady-na-vareni-a-peceni" class="product-type-image">
                                        <img data-src="https://cdn.kosik.cz/content/category/svg/menu/1280.svg" alt="Přísady na vaření a pečení">
                                    </a>
                                    <h3>
                                        <a class="children" href="/trvanlive/prisady-na-vareni-a-peceni">
                                            Přísady na vaření a pečení
                                        </a>
                                    </h3>

                                                                        <div class="categories-container">

                                                <a href="/trvanlive/prisady-na-vareni-a-peceni/prisady-na-peceni">
                                                    Přísady na pečení,
                                                </a>

                                                <a href="/trvanlive/prisady-na-vareni-a-peceni/omacky-v-prasku">
                                                    Omáčky v prášku,
                                                </a>

                                                <a href="/trvanlive/prisady-na-vareni-a-peceni/sladke-smesi">
                                                    Sladké směsi,
                                                </a>

                                                <a href="/trvanlive/prisady-na-vareni-a-peceni/pudinky">
                                                    Pudinky,
                                                </a>




                                        <a href="/trvanlive/prisady-na-vareni-a-peceni">...</a>
                                    </div>
                                </div>
                                <div class="product-type">
                                    <a href="/trvanlive/superfood" class="product-type-image">
                                        <img data-src="https://cdn.kosik.cz/content/category/svg/menu/1313.svg" alt="Superfood">
                                    </a>
                                    <h3>
                                        <a class="children" href="/trvanlive/superfood">
                                            Superfood
                                        </a>
                                    </h3>

                                                                        <div class="categories-container">

                                                <a href="/trvanlive/superfood/snidanove-smesi">
                                                    Snídaňové směsi,
                                                </a>


                                        <a href="/trvanlive/superfood">...</a>
                                    </div>
                                </div>
                                <div class="product-type">
                                    <a href="/trvanlive/dresingy-a-omacky" class="product-type-image">
                                        <img data-src="https://cdn.kosik.cz/content/category/svg/menu/1222.svg" alt="Dresingy a omáčky">
                                    </a>
                                    <h3>
                                        <a class="children" href="/trvanlive/dresingy-a-omacky">
                                            Dresingy a omáčky
                                        </a>
                                    </h3>

                                                                        <div class="categories-container">

                                                <a href="/trvanlive/dresingy-a-omacky/dresingy">
                                                    Dresingy,
                                                </a>

                                                <a href="/trvanlive/dresingy-a-omacky/omacky">
                                                    Omáčky,
                                                </a>
                                        <a href="/trvanlive/dresingy-a-omacky">...</a>
                                    </div>
                                </div>
                                <div class="product-type">
                                    <a href="/trvanlive/cerealie-a-musli" class="product-type-image">
                                        <img data-src="https://cdn.kosik.cz/content/category/svg/menu/1212.svg" alt="Cereálie a musli">
                                    </a>
                                    <h3>
                                        <a class="children" href="/trvanlive/cerealie-a-musli">
                                            Cereálie a musli
                                        </a>
                                    </h3>

                                                                        <div class="categories-container">


                                                <a href="/trvanlive/cerealie-a-musli/musli-a-ovesne-kase">
                                                    Musli a ovesné kaše,
                                                </a>

                                                <a href="/trvanlive/cerealie-a-musli/tycinky">
                                                    Tyčinky,
                                                </a>
                                        <a href="/trvanlive/cerealie-a-musli">...</a>
                                    </div>
                                </div>
                                <div class="product-type">
                                    <a href="/trvanlive/dzemy-medy-a-cokokremy" class="product-type-image">
                                        <img data-src="https://cdn.kosik.cz/content/category/svg/menu/1225.svg" alt="Džemy, medy a čokokrémy">
                                    </a>
                                    <h3>
                                        <a class="children" href="/trvanlive/dzemy-medy-a-cokokremy">
                                            Džemy, medy a čokokrémy
                                        </a>
                                    </h3>

                                                                        <div class="categories-container">

                                                <a href="/trvanlive/dzemy-medy-a-cokokremy/dzemy">
                                                    Džemy,
                                                </a>

                                                <a href="/trvanlive/dzemy-medy-a-cokokremy/medy">
                                                    Medy,
                                                </a>

                                                <a href="/trvanlive/dzemy-medy-a-cokokremy/cokokremy">
                                                    Čokokrémy,
                                                </a>

                                                <a href="/trvanlive/dzemy-medy-a-cokokremy/burakove-maslo">
                                                    Burákové máslo,
                                                </a>
                                        <a href="/trvanlive/dzemy-medy-a-cokokremy">...</a>
                                    </div>
                                </div>
                                <div class="product-type">
                                    <a href="/trvanlive/instantni-jidla-a-polevky" class="product-type-image">
                                        <img data-src="https://cdn.kosik.cz/content/category/svg/menu/1230.svg" alt="Instantní jídla a polévky">
                                    </a>
                                    <h3>
                                        <a class="children" href="/trvanlive/instantni-jidla-a-polevky">
                                            Instantní jídla a polévky
                                        </a>
                                    </h3>

                                                                        <div class="categories-container">

                                                <a href="/trvanlive/instantni-jidla-a-polevky/instantni-jidla">
                                                    Instantní jídla,
                                                </a>

                                                <a href="/trvanlive/instantni-jidla-a-polevky/instantni-polevky">
                                                    Instantní polévky,
                                                </a>
                                        <a href="/trvanlive/instantni-jidla-a-polevky">...</a>
                                    </div>
                                </div>
                                <div class="product-type">
                                    <a href="/trvanlive/mezinarodni-kuchyne" class="product-type-image">
                                        <img data-src="https://cdn.kosik.cz/content/category/svg/menu/1261.svg" alt="Mezinárodní kuchyně">
                                    </a>
                                    <h3>
                                        <a class="children" href="/trvanlive/mezinarodni-kuchyne">
                                            Mezinárodní kuchyně
                                        </a>
                                    </h3>

                                                                        <div class="categories-container">

                                                <a href="/trvanlive/mezinarodni-kuchyne/asijska">
                                                    Asijská,
                                                </a>

                                                <a href="/trvanlive/mezinarodni-kuchyne/mexicka">
                                                    Mexická,
                                                </a>

                                                <a href="/trvanlive/mezinarodni-kuchyne/stredomorska">
                                                    Středomořská,
                                                </a>

                                                <a href="/trvanlive/mezinarodni-kuchyne/thajska">
                                                    Thajská,
                                                </a>
                                        <a href="/trvanlive/mezinarodni-kuchyne">...</a>
                                    </div>
                                </div>
                            </div>
                        </div>
                    </div>
                </li>
                <li class="sub with-children"
                    data-open="false">
                    <a href="/mazlicci">
                        Mazlíčci
                    </a>
                        <span class="category-toggle-sub mobile-small-nav-show"
                              onclick="this.parentNode.classList.toggle('open')">
							<i class="fa fa-angle-down" aria-hidden="true"></i>
						</span>
                    <div class="block block-droped-category">
                        <div class="block-droped-category-inner">
                            <div class="category-product-list">

                                                                <div class="product-type">
                                    <a href="/mazlicci/kocky" class="product-type-image">
                                        <img data-src="https://cdn.kosik.cz/content/category/svg/menu/1579.svg" alt="Kočky">
                                    </a>
                                    <h3>
                                        <a class="children" href="/mazlicci/kocky">
                                            Kočky
                                        </a>
                                    </h3>

                                                                        <div class="categories-container">


                                                <a href="/mazlicci/kocky/konzervy-pro-kocky">
                                                    Konzervy pro kočky,
                                                </a>

                                                <a href="/mazlicci/kocky/kapsicky-pro-kocky">
                                                    Kapsičky pro kočky,
                                                </a>


                                                <a href="/mazlicci/kocky/hracky-pro-kocky">
                                                    Hračky pro kočky,
                                                </a>

                                                <a href="/mazlicci/kocky/steliva">
                                                    Steliva,
                                                </a>
                                        <a href="/mazlicci/kocky">...</a>
                                    </div>
                                </div>
                                <div class="product-type">
                                    <a href="/mazlicci/psi" class="product-type-image">
                                        <img data-src="https://cdn.kosik.cz/content/category/svg/menu/1580.svg" alt="Psi">
                                    </a>
                                    <h3>
                                        <a class="children" href="/mazlicci/psi">
                                            Psi
                                        </a>
                                    </h3>

                                                                        <div class="categories-container">

                                                <a href="/mazlicci/psi/granule-a-smesi-pro-psy">
                                                    Granule a směsi pro psy,
                                                </a>

                                                <a href="/mazlicci/psi/konzervy-pro-psy">
                                                    Konzervy pro psy,
                                                </a>


                                                <a href="/mazlicci/psi/hracky-a-pleny-pro-psy">
                                                    Hračky a pleny pro psy,
                                                </a>

                                        <a href="/mazlicci/psi">...</a>
                                    </div>
                                </div>
                                <div class="product-type">
                                    <a href="/mazlicci/hlodavci" class="product-type-image">
                                        <img data-src="https://cdn.kosik.cz/content/category/svg/menu/1364.svg" alt="Hlodavci">
                                    </a>
                                    <h3>
                                        <a class="children" href="/mazlicci/hlodavci">
                                            Hlodavci
                                        </a>
                                    </h3>

                                                                        <div class="categories-container">

                                                <a href="/mazlicci/hlodavci/krmiva">
                                                    Krmiva,
                                                </a>

                                                <a href="/mazlicci/hlodavci/steliva">
                                                    Steliva,
                                                </a>
                                        <a href="/mazlicci/hlodavci">...</a>
                                    </div>
                                </div>
                                <div class="product-type">
                                    <a href="/mazlicci/ptactvo" class="product-type-image">
                                        <img data-src="https://cdn.kosik.cz/content/category/svg/menu/1367.svg" alt="Ptactvo">
                                    </a>
                                    <h3>
                                        <a class="children" href="/mazlicci/ptactvo">
                                            Ptactvo
                                        </a>
                                    </h3>

                                                                    </div>
                            </div>
                        </div>
                    </div>
                </li>
                <li class="sub with-children"
                    data-open="false">
                    <a href="/deti">
                        Děti
                    </a>
                        <span class="category-toggle-sub mobile-small-nav-show"
                              onclick="this.parentNode.classList.toggle('open')">
							<i class="fa fa-angle-down" aria-hidden="true"></i>
						</span>
                    <div class="block block-droped-category">
                        <div class="block-droped-category-inner">
                            <div class="category-product-list">

                                                                <div class="product-type">
                                    <a href="/deti/detska-kosmetika" class="product-type-image">
                                        <img data-src="https://cdn.kosik.cz/content/category/svg/menu/1370.svg" alt="Dětská kosmetika">
                                    </a>
                                    <h3>
                                        <a class="children" href="/deti/detska-kosmetika">
                                            Dětská kosmetika
                                        </a>
                                    </h3>

                                                                        <div class="categories-container">


                                                <a href="/deti/detska-kosmetika/detske-kremy-a-oleje">
                                                    Dětské krémy a oleje,
                                                </a>


                                                <a href="/deti/detska-kosmetika/zubni-hygiena">
                                                    Zubní hygiena,
                                                </a>
                                        <a href="/deti/detska-kosmetika">...</a>
                                    </div>
                                </div>
                                <div class="product-type">
                                    <a href="/deti/jednorazove-pleny" class="product-type-image">
                                        <img data-src="https://cdn.kosik.cz/content/category/svg/menu/1592.svg" alt="Jednorázové pleny">
                                    </a>
                                    <h3>
                                        <a class="children" href="/deti/jednorazove-pleny">
                                            Jednorázové pleny
                                        </a>
                                    </h3>

                                                                        <div class="categories-container">

                                                <a href="/deti/jednorazove-pleny/velikost-1">
                                                    Velikost 1,
                                                </a>

                                                <a href="/deti/jednorazove-pleny/velikost-2">
                                                    Velikost 2,
                                                </a>

                                                <a href="/deti/jednorazove-pleny/velikost-3">
                                                    Velikost 3,
                                                </a>

                                                <a href="/deti/jednorazove-pleny/velikost-4">
                                                    Velikost 4,
                                                </a>

                                                <a href="/deti/jednorazove-pleny/velikost-5">
                                                    Velikost 5,
                                                </a>

                                                <a href="/deti/jednorazove-pleny/velikost-6">
                                                    Velikost 6,
                                                </a>
                                        <a href="/deti/jednorazove-pleny">...</a>
                                    </div>
                                </div>
                                <div class="product-type">
                                    <a href="/deti/eko" class="product-type-image">
                                        <img data-src="https://cdn.kosik.cz/content/category/svg/menu/1599.svg" alt="Eko">
                                    </a>
                                    <h3>
                                        <a class="children" href="/deti/eko">
                                            Eko
                                        </a>
                                    </h3>

                                                                        <div class="categories-container">

                                                <a href="/deti/eko/bio-pleny">
                                                    bio pleny,
                                                </a>
                                        <a href="/deti/eko">...</a>
                                    </div>
                                </div>
                                <div class="product-type">
                                    <a href="/deti/latkove-pleny" class="product-type-image">
                                        <img data-src="https://cdn.kosik.cz/content/category/svg/menu/1607.svg" alt="Látkové pleny">
                                    </a>
                                    <h3>
                                        <a class="children" href="/deti/latkove-pleny">
                                            Látkové pleny
                                        </a>
                                    </h3>

                                                                    </div>
                                <div class="product-type">
                                    <a href="/deti/prebalovaci-podlozky-a-vlhcene-ubrousky" class="product-type-image">
                                        <img data-src="https://cdn.kosik.cz/content/category/svg/menu/1608.svg" alt="Přebalovací podložky a vlhčené ubrousky">
                                    </a>
                                    <h3>
                                        <a class="children" href="/deti/prebalovaci-podlozky-a-vlhcene-ubrousky">
                                            Přebalovací podložky a vlhčené ubrousky
                                        </a>
                                    </h3>

                                                                    </div>
                                <div class="product-type">
                                    <a href="/deti/kojenecke-mleko-a-vyziva" class="product-type-image">
                                        <img data-src="https://cdn.kosik.cz/content/category/svg/menu/1609.svg" alt="Kojenecké mléko a výživa">
                                    </a>
                                    <h3>
                                        <a class="children" href="/deti/kojenecke-mleko-a-vyziva">
                                            Kojenecké mléko a výživa
                                        </a>
                                    </h3>

                                                                        <div class="categories-container">

                                                <a href="/deti/kojenecke-mleko-a-vyziva/bio-vyziva">
                                                    BIO výživa,
                                                </a>

                                                <a href="/deti/kojenecke-mleko-a-vyziva/kojenecka-mleka">
                                                    Kojenecká mléka,
                                                </a>

                                                <a href="/deti/kojenecke-mleko-a-vyziva/detske-kase">
                                                    Dětské kaše,
                                                </a>

                                                <a href="/deti/kojenecke-mleko-a-vyziva/kojenecke-prikrmy">
                                                    Kojenecké příkrmy,
                                                </a>

                                        <a href="/deti/kojenecke-mleko-a-vyziva">...</a>
                                    </div>
                                </div>
                                <div class="product-type">
                                    <a href="/deti/kojenecke-vody-a-napoje" class="product-type-image">
                                        <img data-src="https://cdn.kosik.cz/content/category/svg/menu/1619.svg" alt="Kojenecké vody a nápoje">
                                    </a>
                                    <h3>
                                        <a class="children" href="/deti/kojenecke-vody-a-napoje">
                                            Kojenecké vody a nápoje
                                        </a>
                                    </h3>

                                                                        <div class="categories-container">

                                                <a href="/deti/kojenecke-vody-a-napoje/vody">
                                                    Vody,
                                                </a>

                                                <a href="/deti/kojenecke-vody-a-napoje/caje">
                                                    Čaje,
                                                </a>

                                                <a href="/deti/kojenecke-vody-a-napoje/stavy">
                                                    Šťávy,
                                                </a>
                                        <a href="/deti/kojenecke-vody-a-napoje">...</a>
                                    </div>
                                </div>
                                <div class="product-type">
                                    <a href="/deti/hracky" class="product-type-image">
                                        <img data-src="https://cdn.kosik.cz/content/category/svg/menu/1373.svg" alt="Hračky">
                                    </a>
                                    <h3>
                                        <a class="children" href="/deti/hracky">
                                            Hračky
                                        </a>
                                    </h3>

                                                                        <div class="categories-container">

                                                <a href="/deti/hracky/hracky-pro-nejmensi">
                                                    Hračky pro nejmenší,
                                                </a>

                                        <a href="/deti/hracky">...</a>
                                    </div>
                                </div>
                                <div class="product-type">
                                    <a href="/deti/hry" class="product-type-image">
                                        <img data-src="https://cdn.kosik.cz/content/category/svg/menu/1376.svg" alt="Hry">
                                    </a>
                                    <h3>
                                        <a class="children" href="/deti/hry">
                                            Hry
                                        </a>
                                    </h3>

                                                                    </div>
                                <div class="product-type">
                                    <a href="/deti/kojenecke-potreby" class="product-type-image">
                                        <img data-src="https://cdn.kosik.cz/content/category/svg/menu/1377.svg" alt="Kojenecké potřeby">
                                    </a>
                                    <h3>
                                        <a class="children" href="/deti/kojenecke-potreby">
                                            Kojenecké potřeby
                                        </a>
                                    </h3>

                                                                        <div class="categories-container">

                                                <a href="/deti/kojenecke-potreby/lahve-a-dudliky">
                                                    Láhve a dudlíky,
                                                </a>

                                                <a href="/deti/kojenecke-potreby/potreby-na-kocarek">
                                                    Potřeby na kočárek,
                                                </a>

                                                <a href="/deti/kojenecke-potreby/osusky-a-bryndacky">
                                                    Osušky a bryndáčky,
                                                </a>

                                        <a href="/deti/kojenecke-potreby">...</a>
                                    </div>
                                </div>
                                <div class="product-type">
                                    <a href="/deti/tehotenstvi-kojeni" class="product-type-image">
                                        <img data-src="https://cdn.kosik.cz/content/category/svg/menu/1382.svg" alt="Těhotenství, kojení">
                                    </a>
                                    <h3>
                                        <a class="children" href="/deti/tehotenstvi-kojeni">
                                            Těhotenství, kojení
                                        </a>
                                    </h3>

                                                                        <div class="categories-container">

                                                <a href="/deti/tehotenstvi-kojeni/vyziva">
                                                    Výživa,
                                                </a>

                                                <a href="/deti/tehotenstvi-kojeni/napoje-pro-maminky">
                                                    Nápoje pro maminky,
                                                </a>

                                        <a href="/deti/tehotenstvi-kojeni">...</a>
                                    </div>
                                </div>
                                <div class="product-type">
                                    <a href="/deti/potreby-pro-skolaky" class="product-type-image">
                                        <img data-src="https://cdn.kosik.cz/content/category/svg/menu/1386.svg" alt="Potřeby pro školáky">
                                    </a>
                                    <h3>
                                        <a class="children" href="/deti/potreby-pro-skolaky">
                                            Potřeby pro školáky
                                        </a>
                                    </h3>

                                                                        <div class="categories-container">

                                                <a href="/deti/potreby-pro-skolaky/psaci-potreby">
                                                    Psací potřeby,
                                                </a>

                                                <a href="/deti/potreby-pro-skolaky/vytvarne-potreby">
                                                    Výtvarné potřeby,
                                                </a>

                                                <a href="/deti/potreby-pro-skolaky/sacky-na-backurky">
                                                    Sáčky na bačkůrky,
                                                </a>
                                        <a href="/deti/potreby-pro-skolaky">...</a>
                                    </div>
                                </div>
                            </div>
                        </div>
                    </div>
                </li>
                <li class="sub with-children"
                    data-open="false">
                    <a href="/domacnost-a-zahrada">
                        Domácnost a zahrada
                    </a>
                        <span class="category-toggle-sub mobile-small-nav-show"
                              onclick="this.parentNode.classList.toggle('open')">
							<i class="fa fa-angle-down" aria-hidden="true"></i>
						</span>
                    <div class="block block-droped-category">
                        <div class="block-droped-category-inner">
                            <div class="category-product-list">

                                                                <div class="product-type">
                                    <a href="/domacnost-a-zahrada/kuchyne" class="product-type-image">
                                        <img data-src="https://cdn.kosik.cz/content/category/svg/menu/1391.svg" alt="Kuchyně">
                                    </a>
                                    <h3>
                                        <a class="children" href="/domacnost-a-zahrada/kuchyne">
                                            Kuchyně
                                        </a>
                                    </h3>

                                                                        <div class="categories-container">

                                                <a href="/domacnost-a-zahrada/kuchyne/pytle-do-kosu-a-kose">
                                                    Pytle do košů a koše,
                                                </a>

                                                <a href="/domacnost-a-zahrada/kuchyne/stolovani">
                                                    Stolování,
                                                </a>

                                                <a href="/domacnost-a-zahrada/kuchyne/kuchynske-potreby">
                                                    Kuchyňské potřeby,
                                                </a>

                                        <a href="/domacnost-a-zahrada/kuchyne">...</a>
                                    </div>
                                </div>
                                <div class="product-type">
                                    <a href="/domacnost-a-zahrada/vanoce-sezonni-dekorace" class="product-type-image">
                                        <img data-src="https://cdn.kosik.cz/content/category/svg/menu/1451.svg" alt="Vánoce - sezonní dekorace">
                                    </a>
                                    <h3>
                                        <a class="children" href="/domacnost-a-zahrada/vanoce-sezonni-dekorace">
                                            Vánoce - sezonní dekorace
                                        </a>
                                    </h3>

                                                                    </div>
                                <div class="product-type">
                                    <a href="/domacnost-a-zahrada/dum-a-byt" class="product-type-image">
                                        <img data-src="https://cdn.kosik.cz/content/category/svg/menu/1405.svg" alt="Dům a byt">
                                    </a>
                                    <h3>
                                        <a class="children" href="/domacnost-a-zahrada/dum-a-byt">
                                            Dům a byt
                                        </a>
                                    </h3>

                                                                        <div class="categories-container">

                                                <a href="/domacnost-a-zahrada/dum-a-byt/pomucky-k-uklidu">
                                                    Pomůcky k úklidu,
                                                </a>

                                                <a href="/domacnost-a-zahrada/dum-a-byt/domaci-textil">
                                                    Domácí textil,
                                                </a>


                                                <a href="/domacnost-a-zahrada/dum-a-byt/svicky-a-vune">
                                                    Svíčky a vůně,
                                                </a>


                                                <a href="/domacnost-a-zahrada/dum-a-byt/pece-o-obuv">
                                                    Péče o obuv,
                                                </a>

                                        <a href="/domacnost-a-zahrada/dum-a-byt">...</a>
                                    </div>
                                </div>
                                <div class="product-type">
                                    <a href="/domacnost-a-zahrada/kucharky" class="product-type-image">
                                        <img data-src="https://cdn.kosik.cz/content/category/svg/menu/1438.svg" alt="Kuchařky">
                                    </a>
                                    <h3>
                                        <a class="children" href="/domacnost-a-zahrada/kucharky">
                                            Kuchařky
                                        </a>
                                    </h3>

                                                                    </div>
                                <div class="product-type">
                                    <a href="/domacnost-a-zahrada/zahrada" class="product-type-image">
                                        <img data-src="https://cdn.kosik.cz/content/category/svg/menu/1427.svg" alt="Zahrada">
                                    </a>
                                    <h3>
                                        <a class="children" href="/domacnost-a-zahrada/zahrada">
                                            Zahrada
                                        </a>
                                    </h3>

                                                                        <div class="categories-container">



                                                <a href="/domacnost-a-zahrada/zahrada/semena">
                                                    Semena,
                                                </a>

                                                <a href="/domacnost-a-zahrada/zahrada/doplnky">
                                                    Doplňky,
                                                </a>

                                                <a href="/domacnost-a-zahrada/zahrada/bazenova-chemie">
                                                    Bazénová chemie,
                                                </a>
                                        <a href="/domacnost-a-zahrada/zahrada">...</a>
                                    </div>
                                </div>
                                <div class="product-type">
                                    <a href="/domacnost-a-zahrada/grilovani" class="product-type-image">
                                        <img data-src="https://cdn.kosik.cz/content/category/svg/menu/1439.svg" alt="Grilování">
                                    </a>
                                    <h3>
                                        <a class="children" href="/domacnost-a-zahrada/grilovani">
                                            Grilování
                                        </a>
                                    </h3>

                                                                        <div class="categories-container">

                                                <a href="/domacnost-a-zahrada/grilovani/grily">
                                                    Grily,
                                                </a>


                                        <a href="/domacnost-a-zahrada/grilovani">...</a>
                                    </div>
                                </div>
                                <div class="product-type">
                                    <a href="/domacnost-a-zahrada/kancelar" class="product-type-image">
                                        <img data-src="https://cdn.kosik.cz/content/category/svg/menu/1393.svg" alt="Kancelář">
                                    </a>
                                    <h3>
                                        <a class="children" href="/domacnost-a-zahrada/kancelar">
                                            Kancelář
                                        </a>
                                    </h3>

                                                                        <div class="categories-container">

                                                <a href="/domacnost-a-zahrada/kancelar/kancelarske-potreby">
                                                    Kancelářské potřeby,
                                                </a>

                                                <a href="/domacnost-a-zahrada/kancelar/papirnictvi">
                                                    Papírnictví,
                                                </a>

                                                <a href="/domacnost-a-zahrada/kancelar/trideni-archivace">
                                                    Třídění, archivace,
                                                </a>
                                        <a href="/domacnost-a-zahrada/kancelar">...</a>
                                    </div>
                                </div>
                                <div class="product-type">
                                    <a href="/domacnost-a-zahrada/lekarna" class="product-type-image">
                                        <img data-src="https://cdn.kosik.cz/content/category/svg/menu/1398.svg" alt="Lékárna">
                                    </a>
                                    <h3>
                                        <a class="children" href="/domacnost-a-zahrada/lekarna">
                                            Lékárna
                                        </a>
                                    </h3>

                                                                        <div class="categories-container">

                                                <a href="/domacnost-a-zahrada/lekarna/vyziva-a-hubnuti">
                                                    Výživa a hubnutí,
                                                </a>


                                                <a href="/domacnost-a-zahrada/lekarna/vyziva-pro-sportovce">
                                                    Výživa pro sportovce,
                                                </a>

                                                <a href="/domacnost-a-zahrada/lekarna/myti-bez-vody">
                                                    Mytí bez vody,
                                                </a>




                                        <a href="/domacnost-a-zahrada/lekarna">...</a>
                                    </div>
                                </div>
                                <div class="product-type">
                                    <a href="/domacnost-a-zahrada/fitness" class="product-type-image">
                                        <img data-src="https://cdn.kosik.cz/content/category/svg/menu/1403.svg" alt="Fitness">
                                    </a>
                                    <h3>
                                        <a class="children" href="/domacnost-a-zahrada/fitness">
                                            Fitness
                                        </a>
                                    </h3>

                                                                        <div class="categories-container">

                                                <a href="/domacnost-a-zahrada/fitness/sportovni-vyziva">
                                                    Sportovní výživa,
                                                </a>
                                        <a href="/domacnost-a-zahrada/fitness">...</a>
                                    </div>
                                </div>
                            </div>
                        </div>
                    </div>
                </li>
                <li class="sub with-children"
                    data-open="false">
                    <a href="/drogerie">
                        Drogerie
                    </a>
                        <span class="category-toggle-sub mobile-small-nav-show"
                              onclick="this.parentNode.classList.toggle('open')">
							<i class="fa fa-angle-down" aria-hidden="true"></i>
						</span>
                    <div class="block block-droped-category">
                        <div class="block-droped-category-inner">
                            <div class="category-product-list">

                                                                <div class="product-type">
                                    <a href="/drogerie/pece-o-telo" class="product-type-image">
                                        <img data-src="https://cdn.kosik.cz/content/category/svg/menu/1531.svg" alt="Péče o tělo">
                                    </a>
                                    <h3>
                                        <a class="children" href="/drogerie/pece-o-telo">
                                            Péče o tělo
                                        </a>
                                    </h3>

                                                                        <div class="categories-container">

                                                <a href="/drogerie/pece-o-telo/telova-mleka-a-kremy">
                                                    Tělová mléka a krémy,
                                                </a>

                                                <a href="/drogerie/pece-o-telo/pece-o-ruce">
                                                    Péče o ruce,
                                                </a>

                                                <a href="/drogerie/pece-o-telo/pece-o-nohy">
                                                    Péče o nohy,
                                                </a>


                                                <a href="/drogerie/pece-o-telo/repelenty">
                                                    Repelenty,
                                                </a>
                                        <a href="/drogerie/pece-o-telo">...</a>
                                    </div>
                                </div>
                                <div class="product-type">
                                    <a href="/drogerie/darkove-sady" class="product-type-image">
                                        <img data-src="https://cdn.kosik.cz/content/category/svg/menu/1571.svg" alt="Dárkové sady">
                                    </a>
                                    <h3>
                                        <a class="children" href="/drogerie/darkove-sady">
                                            Dárkové sady
                                        </a>
                                    </h3>

                                                                        <div class="categories-container">

                                                <a href="/drogerie/darkove-sady/pro-zeny">
                                                    Pro ženy,
                                                </a>

                                                <a href="/drogerie/darkove-sady/pro-muze">
                                                    Pro muže,
                                                </a>

                                                <a href="/drogerie/darkove-sady/pro-deti">
                                                    Pro děti,
                                                </a>

                                                <a href="/drogerie/darkove-sady/unisex">
                                                    Unisex,
                                                </a>
                                        <a href="/drogerie/darkove-sady">...</a>
                                    </div>
                                </div>
                                <div class="product-type">
                                    <a href="/drogerie/praci-prostredky" class="product-type-image">
                                        <img data-src="https://cdn.kosik.cz/content/category/svg/menu/1456.svg" alt="Prací prostředky">
                                    </a>
                                    <h3>
                                        <a class="children" href="/drogerie/praci-prostredky">
                                            Prací prostředky
                                        </a>
                                    </h3>

                                                                        <div class="categories-container">

                                                <a href="/drogerie/praci-prostredky/prasky">
                                                    Prášky,
                                                </a>

                                                <a href="/drogerie/praci-prostredky/gely">
                                                    Gely,
                                                </a>

                                                <a href="/drogerie/praci-prostredky/kapsle">
                                                    Kapsle,
                                                </a>

                                                <a href="/drogerie/praci-prostredky/avivaze">
                                                    Aviváže,
                                                </a>

                                                <a href="/drogerie/praci-prostredky/detske-prani">
                                                    Dětské praní,
                                                </a>

                                                <a href="/drogerie/praci-prostredky/odstranovace-skvrn">
                                                    Odstraňovače skvrn,
                                                </a>
                                        <a href="/drogerie/praci-prostredky">...</a>
                                    </div>
                                </div>
                                <div class="product-type">
                                    <a href="/drogerie/cistici-prostredky" class="product-type-image">
                                        <img data-src="https://cdn.kosik.cz/content/category/svg/menu/1464.svg" alt="Čistící prostředky">
                                    </a>
                                    <h3>
                                        <a class="children" href="/drogerie/cistici-prostredky">
                                            Čistící prostředky
                                        </a>
                                    </h3>

                                                                        <div class="categories-container">

                                                <a href="/drogerie/cistici-prostredky/koupelna">
                                                    Koupelna,
                                                </a>

                                                <a href="/drogerie/cistici-prostredky/kuchyn">
                                                    Kuchyň,
                                                </a>

                                                <a href="/drogerie/cistici-prostredky/toaleta">
                                                    Toaleta,
                                                </a>

                                                <a href="/drogerie/cistici-prostredky/podlahy-a-koberce">
                                                    Podlahy a koberce,
                                                </a>

                                                <a href="/drogerie/cistici-prostredky/okna">
                                                    Okna,
                                                </a>

                                                <a href="/drogerie/cistici-prostredky/nabytek">
                                                    Nábytek,
                                                </a>

                                                <a href="/drogerie/cistici-prostredky/univerzalni">
                                                    Univerzální,
                                                </a>



                                        <a href="/drogerie/cistici-prostredky">...</a>
                                    </div>
                                </div>
                                <div class="product-type">
                                    <a href="/drogerie/myti-nadobi" class="product-type-image">
                                        <img data-src="https://cdn.kosik.cz/content/category/svg/menu/1551.svg" alt="Mytí nádobí">
                                    </a>
                                    <h3>
                                        <a class="children" href="/drogerie/myti-nadobi">
                                            Mytí nádobí
                                        </a>
                                    </h3>

                                                                        <div class="categories-container">

                                                <a href="/drogerie/myti-nadobi/prostredky-do-mycky">
                                                    Prostředky do myčky,
                                                </a>

                                                <a href="/drogerie/myti-nadobi/rucni-myti">
                                                    Ruční mytí,
                                                </a>

                                                <a href="/drogerie/myti-nadobi/hadriky-a-houbicky">
                                                    Hadříky a houbičky,
                                                </a>
                                        <a href="/drogerie/myti-nadobi">...</a>
                                    </div>
                                </div>
                                <div class="product-type">
                                    <a href="/drogerie/toaletni-papir-kapesniky-kuchynske-uterky" class="product-type-image">
                                        <img data-src="https://cdn.kosik.cz/content/category/svg/menu/1561.svg" alt="Toaletní papír, kapesníky, kuchyňské utěrky">
                                    </a>
                                    <h3>
                                        <a class="children" href="/drogerie/toaletni-papir-kapesniky-kuchynske-uterky">
                                            Toaletní papír, kapesníky, kuchyňské utěrky
                                        </a>
                                    </h3>

                                                                        <div class="categories-container">

                                                <a href="/drogerie/toaletni-papir-kapesniky-kuchynske-uterky/toaletni-papiry">
                                                    Toaletní papíry,
                                                </a>

                                                <a href="/drogerie/toaletni-papir-kapesniky-kuchynske-uterky/kapesniky">
                                                    Kapesníky,
                                                </a>

                                                <a href="/drogerie/toaletni-papir-kapesniky-kuchynske-uterky/kuchynske-uterky">
                                                    Kuchyňské utěrky,
                                                </a>
                                        <a href="/drogerie/toaletni-papir-kapesniky-kuchynske-uterky">...</a>
                                    </div>
                                </div>
                                <div class="product-type">
                                    <a href="/drogerie/sprchove-gely-mydla-peny" class="product-type-image">
                                        <img data-src="https://cdn.kosik.cz/content/category/svg/menu/1514.svg" alt="Sprchové gely, mýdla, pěny">
                                    </a>
                                    <h3>
                                        <a class="children" href="/drogerie/sprchove-gely-mydla-peny">
                                            Sprchové gely, mýdla, pěny
                                        </a>
                                    </h3>

                                                                        <div class="categories-container">

                                                <a href="/drogerie/sprchove-gely-mydla-peny/sprchove-gely">
                                                    Sprchové gely,
                                                </a>

                                                <a href="/drogerie/sprchove-gely-mydla-peny/mydla">
                                                    Mýdla,
                                                </a>

                                                <a href="/drogerie/sprchove-gely-mydla-peny/peny-a-oleje-do-koupele">
                                                    Pěny a oleje do koupele,
                                                </a>
                                        <a href="/drogerie/sprchove-gely-mydla-peny">...</a>
                                    </div>
                                </div>
                                <div class="product-type">
                                    <a href="/drogerie/pece-o-vlasy" class="product-type-image">
                                        <img data-src="https://cdn.kosik.cz/content/category/svg/menu/1523.svg" alt="Péče o vlasy">
                                    </a>
                                    <h3>
                                        <a class="children" href="/drogerie/pece-o-vlasy">
                                            Péče o vlasy
                                        </a>
                                    </h3>

                                                                        <div class="categories-container">

                                                <a href="/drogerie/pece-o-vlasy/sampony">
                                                    Šampony,
                                                </a>

                                                <a href="/drogerie/pece-o-vlasy/kondicionery">
                                                    Kondicionéry,
                                                </a>

                                                <a href="/drogerie/pece-o-vlasy/laky">
                                                    Laky,
                                                </a>

                                                <a href="/drogerie/pece-o-vlasy/tuzidla">
                                                    Tužidla,
                                                </a>

                                                <a href="/drogerie/pece-o-vlasy/gely">
                                                    Gely,
                                                </a>

                                                <a href="/drogerie/pece-o-vlasy/barvy-na-vlasy">
                                                    Barvy na vlasy,
                                                </a>
                                        <a href="/drogerie/pece-o-vlasy">...</a>
                                    </div>
                                </div>
                                <div class="product-type">
                                    <a href="/drogerie/pece-o-plet" class="product-type-image">
                                        <img data-src="https://cdn.kosik.cz/content/category/svg/menu/1541.svg" alt="Péče o pleť">
                                    </a>
                                    <h3>
                                        <a class="children" href="/drogerie/pece-o-plet">
                                            Péče o pleť
                                        </a>
                                    </h3>

                                                                        <div class="categories-container">

                                                <a href="/drogerie/pece-o-plet/pletove-kremy">
                                                    Pleťové krémy,
                                                </a>

                                                <a href="/drogerie/pece-o-plet/odlicovani">
                                                    Odličování,
                                                </a>

                                                <a href="/drogerie/pece-o-plet/masky-a-peelingy">
                                                    Masky a peelingy,
                                                </a>

                                                <a href="/drogerie/pece-o-plet/pece-o-rty">
                                                    Péče o rty,
                                                </a>

                                        <a href="/drogerie/pece-o-plet">...</a>
                                    </div>
                                </div>
                                <div class="product-type">
                                    <a href="/drogerie/ustni-hygiena" class="product-type-image">
                                        <img data-src="https://cdn.kosik.cz/content/category/svg/menu/1502.svg" alt="Ústní hygiena">
                                    </a>
                                    <h3>
                                        <a class="children" href="/drogerie/ustni-hygiena">
                                            Ústní hygiena
                                        </a>
                                    </h3>

                                                                        <div class="categories-container">

                                                <a href="/drogerie/ustni-hygiena/zubni-pasty">
                                                    Zubní pasty,
                                                </a>

                                                <a href="/drogerie/ustni-hygiena/zubni-kartacky">
                                                    Zubní kartáčky,
                                                </a>

                                                <a href="/drogerie/ustni-hygiena/ustni-vody">
                                                    Ústní vody,
                                                </a>

                                                <a href="/drogerie/ustni-hygiena/mezizubni-pece">
                                                    Mezizubní péče,
                                                </a>

                                        <a href="/drogerie/ustni-hygiena">...</a>
                                    </div>
                                </div>
                                <div class="product-type">
                                    <a href="/drogerie/deodoranty-a-antiperspiranty" class="product-type-image">
                                        <img data-src="https://cdn.kosik.cz/content/category/svg/menu/1477.svg" alt="Deodoranty a antiperspiranty">
                                    </a>
                                    <h3>
                                        <a class="children" href="/drogerie/deodoranty-a-antiperspiranty">
                                            Deodoranty a antiperspiranty
                                        </a>
                                    </h3>

                                                                        <div class="categories-container">

                                                <a href="/drogerie/deodoranty-a-antiperspiranty/damske">
                                                    Dámské,
                                                </a>

                                                <a href="/drogerie/deodoranty-a-antiperspiranty/panske">
                                                    Pánské,
                                                </a>
                                        <a href="/drogerie/deodoranty-a-antiperspiranty">...</a>
                                    </div>
                                </div>
                                <div class="product-type">
                                    <a href="/drogerie/holeni-a-epilace" class="product-type-image">
                                        <img data-src="https://cdn.kosik.cz/content/category/svg/menu/1493.svg" alt="Holení a epilace">
                                    </a>
                                    <h3>
                                        <a class="children" href="/drogerie/holeni-a-epilace">
                                            Holení a epilace
                                        </a>
                                    </h3>

                                                                        <div class="categories-container">

                                                <a href="/drogerie/holeni-a-epilace/damske">
                                                    Dámské,
                                                </a>

                                                <a href="/drogerie/holeni-a-epilace/panske">
                                                    Pánské,
                                                </a>
                                        <a href="/drogerie/holeni-a-epilace">...</a>
                                    </div>
                                </div>
                                <div class="product-type">
                                    <a href="/drogerie/damska-hygiena" class="product-type-image">
                                        <img data-src="https://cdn.kosik.cz/content/category/svg/menu/1508.svg" alt="Dámská hygiena">
                                    </a>
                                    <h3>
                                        <a class="children" href="/drogerie/damska-hygiena">
                                            Dámská hygiena
                                        </a>
                                    </h3>

                                                                        <div class="categories-container">

                                                <a href="/drogerie/damska-hygiena/vlozky">
                                                    Vložky,
                                                </a>

                                                <a href="/drogerie/damska-hygiena/tampony">
                                                    Tampóny,
                                                </a>

                                                <a href="/drogerie/damska-hygiena/intimni-hygiena">
                                                    Intimní hygiena,
                                                </a>
                                        <a href="/drogerie/damska-hygiena">...</a>
                                    </div>
                                </div>
                                <div class="product-type">
                                    <a href="/drogerie/eko-drogerie-a-kosmetika" class="product-type-image">
                                        <img data-src="https://cdn.kosik.cz/content/category/svg/menu/1488.svg" alt="Eko drogerie a kosmetika">
                                    </a>
                                    <h3>
                                        <a class="children" href="/drogerie/eko-drogerie-a-kosmetika">
                                            Eko drogerie a kosmetika
                                        </a>
                                    </h3>

                                                                        <div class="categories-container">

                                                <a href="/drogerie/eko-drogerie-a-kosmetika/prani">
                                                    Praní,
                                                </a>

                                                <a href="/drogerie/eko-drogerie-a-kosmetika/myti-nadobi">
                                                    Mytí nádobí,
                                                </a>

                                                <a href="/drogerie/eko-drogerie-a-kosmetika/cistici-prostredky">
                                                    Čistící prostředky,
                                                </a>

                                                <a href="/drogerie/eko-drogerie-a-kosmetika/prirodni-kosmetika">
                                                    Přírodní kosmetika,
                                                </a>
                                        <a href="/drogerie/eko-drogerie-a-kosmetika">...</a>
                                    </div>
                                </div>
                                <div class="product-type">
                                    <a href="/drogerie/pece-o-zdravi" class="product-type-image">
                                        <img data-src="https://cdn.kosik.cz/content/category/svg/menu/1565.svg" alt="Péče o zdraví">
                                    </a>
                                    <h3>
                                        <a class="children" href="/drogerie/pece-o-zdravi">
                                            Péče o zdraví
                                        </a>
                                    </h3>

                                                                        <div class="categories-container">

                                                <a href="/drogerie/pece-o-zdravi/intimni-chvile">
                                                    Intimní chvíle,
                                                </a>

                                                <a href="/drogerie/pece-o-zdravi/masazni-emulze">
                                                    Masážní emulze,
                                                </a>

                                                <a href="/drogerie/pece-o-zdravi/pece-o-telo-a-vlasy">
                                                    Péče o tělo a vlasy,
                                                </a>
                                        <a href="/drogerie/pece-o-zdravi">...</a>
                                    </div>
                                </div>
                            </div>
                        </div>
                    </div>
                </li>
                <li class="sub with-children"
                    data-open="false">
                    <a href="/trafika">
                        Trafika
                    </a>
                        <span class="category-toggle-sub mobile-small-nav-show"
                              onclick="this.parentNode.classList.toggle('open')">
							<i class="fa fa-angle-down" aria-hidden="true"></i>
						</span>
                    <div class="block block-droped-category">
                        <div class="block-droped-category-inner">
                            <div class="category-product-list">

                                                                <div class="product-type">
                                    <a href="/trafika/cigarety-a-tabak" class="product-type-image">
                                        <img data-src="https://cdn.kosik.cz/content/category/svg/menu/1578.svg" alt="Cigarety a tabák">
                                    </a>
                                    <h3>
                                        <a class="children" href="/trafika/cigarety-a-tabak">
                                            Cigarety a tabák
                                        </a>
                                    </h3>

                                                                    </div>
                            </div>
                        </div>
                    </div>
                </li>


        </ul>
    </div>
</div>

<script type="text/javascript">
    $(function() {
        $('.christmas-link').on('click', function () {
            if (window.innerWidth < 1025) {
                var mobileMenu = $('#big-menu');
                mobileMenu.toggleClass('open');
                basic.toggleClass((document.querySelector('body')), 'open-menu');
            }
            $('html, body').animate({
                scrollTop: $('#christmas-inspiration').offset().top - 100
            }, 2000);
            return false;
        });

    });
</script>

						<div
								class="region region-delivery-cart" id="fixed-menu">
							<div class="region-inner region-delivery-cart-inner">
								<div id="snippet--orderSlotPreviewArea">
<script>
    $(document).ready(function(){
        var nearest = $('.block-nearest-delivery');

        if(nearest.hasClass('unloaded')){
            $.nette.ajax("\/trvanlive\/cerealie-a-musli?do=orderSlotPreview-load").done(function(){
                nearest.removeClass('unloaded')
            });
        }
    })
</script>
<div class="block block-nearest-delivery unloaded" id="snippet-orderSlotPreview-slots">
        <span class="noslot">Nejbližší termín dodání se dozvíte v <strong>průběhu objednávání</strong>. Momentálně jsme zaneprázdněni vyřizováním objednávek ostatních zákazníků.</span>
</div>
								</div>

								<div class="block-cart-dropdown" id="snippet--cartPreview">
<div class="cart-fixing-box">
	<a href="javaScript:void(0);" onclick="fixing.openBox(&quot;\/trvanlive\/cerealie-a-musli?do=cartPreview-showCart&quot;)" id="cart-open-button" aria-hidden="true">
		<i class="fa fa-angle-down" aria-hidden="true"></i>
		<p class="units-in-cart">
			<span class="show-cart-text" data-visible="Obchod" data-hide="Zobrazit">
					Zobrazit
			</span>
			<span class="total-items-incart" id="snippet-cartPreview-totalItems"><span class="accessible">Počet položek v košíku: </span>0</span>
		</p>
	</a>
		<a class="open-cart button-simple button-red blur-modal-overlay kosik-modal-open" data-target="login-modal">
			Pokladna
		</a>
	<p class="cart-price button-simple button-green" id="snippet-cartPreview-totalPriceArea">
		<strong class="price">0,00 Kč</strong>
	</p>
</div>
<div class="cart-box fixed-top" id="cart-detail-preview">
<div id="snippet-cartPreview-cartBox"><div id="snippet-cartPreview-detail-">	<div class="cart-item-list-overlay">
		<div id="cart-items-list" class="cart-items-list min">
			<div class="cart-items-scroller">
				<h4 class="accessible">Položky v košíku</h2>
				<div class="cart-is-empty">
										Košík máte prázdný,<br>vraťte se <a href="javascript:void(0);" onclick="fixing.openBox('\/?do=cartPreview-showCart')">do obchodu</a>.
									</div>
			</div>
		</div>
<div id="snippet-cartPreview-detail-finalPrice">				<div class="make-order" id="make-order-button">
					<div class="cart-minimal">
						<p>
								Minimální cena objednávky je <b class="no-break"><strong class="price">500,00 Kč</strong></b> Kč
								<br>
								Přidejte zboží ještě alespoň za <em class="no-break"><strong class="price">500,00 Kč</strong></em>
						</p>
					</div>

						<a class="button button-red blur-modal-overlay kosik-modal-open" data-target="login-modal">
							Koupit za  0 Kč
						</a>
				</div>
			<script>
				$(document).ready(function(){
					$('.cart-control-delete, .cart-item-delete').click(function(){
						$(this).closest('li').addClass('hidden-product');
					});
				});
			</script>
</div>	</div>
	<script async>
		basic.documentReady(function () {

			if (window.innerWidth > 1024) {
				$('#delete-cart-items').on('click', function (e) {
					var message = confirm('Opravdu chcete vyprázdnit váš košík?')

					if (!message)
						e.preventDefault();
					else
						$.nette.ajax(this.dataset.href);
				});
			}
		});
	</script>
</div></div></div>
<script async>
	basic.documentReady(function(){
		fixing.init();
	});

	$(document).ajaxComplete(function(){
		fixing.reinitElements(true);
	});
</script>
								</div>
							</div>
						</div>
<div id="snippet-pASystem-"></div>					</div>

					<div class="region region-breadcrumb">
						<div class="region-inner region-breadcrumb-inner">

<ol class="kosik-breadcrumb">
    <li>
        <a href="/">Košík.cz</a>
    </li>
    <li>
        <a href="/trvanlive">
            Trvanlivé
        </a>
    </li>
    <li>
        <a href="/trvanlive/cerealie-a-musli">
            Cereálie a musli
        </a>
    </li>
</ol>
<div class="clear"></div>

<script type="application/ld+json" async>
{"@context":"http://schema.org","@type":"BreadcrumbList","itemListElement":[{"@type":"ListItem","position":1,"item":{"@id":"/zbozi","name":"Zboží"}},{"@type":"ListItem","position":2,"item":{"@id":"/trvanlive","name":"Trvanlivé"}},{"@type":"ListItem","position":3,"item":{"@id":"/trvanlive/cerealie-a-musli","name":"Cereálie a musli"}}]}
</script>						</div>
					</div>

				</div>
			</div>
		</header>

		<div class="mainOuter">
			
		</div>

		<div class="zone-wrapper zone-main-wrapper clearfix" role="main">
			<a name="maincontent" id="maincontent" aria-hidden="true"></a>
	<div class="zone zone-main clearfix">

		<div class="region region-category-review-slider" role="complementary">
			<div class="region-inner region-category-review-slider-inner">
<div class="block block-product-list-category  lighter-gray-bg">
	<div class="category-review">
		<a href="/trvanlive">
			Trvanlivé
		</a>
		<ul class="category-review-list">
			<li>
				<a href="/trvanlive/cerealie-a-musli/cerealie-a-kukuricne-lupinky">
					Cereálie a kukuřičné lupínky				</a>
				<a class="category-has-dropdown" href="" aria-hidden="true" tabindex="-1">
					<i class="fa fa-angle-down"></i>
				</a>
				<ul>
					<li>
						<a href="/trvanlive/cerealie-a-musli/cerealie-a-kukuricne-lupinky/cerealie">Cereálie</a>
					</li>
					<li>
						<a href="/trvanlive/cerealie-a-musli/cerealie-a-kukuricne-lupinky/kukuricne-lupinky">Kukuřičné lupínky</a>
					</li>
				</ul>
			</li>
			<li>
				<a href="/trvanlive/cerealie-a-musli/musli-a-ovesne-kase">
					Musli a ovesné kaše				</a>
				<a class="category-has-dropdown" href="" aria-hidden="true" tabindex="-1">
					<i class="fa fa-angle-down"></i>
				</a>
				<ul>
					<li>
						<a href="/trvanlive/cerealie-a-musli/musli-a-ovesne-kase/musli">Musli</a>
					</li>
					<li>
						<a href="/trvanlive/cerealie-a-musli/musli-a-ovesne-kase/ovesne-kase">Ovesné kaše</a>
					</li>
				</ul>
			</li>
			<li>
				<a href="/trvanlive/cerealie-a-musli/tycinky">
					Tyčinky				</a>
				<a class="category-has-dropdown" href="" aria-hidden="true" tabindex="-1">
					<i class="fa fa-angle-down"></i>
				</a>
				<ul>
					<li>
						<a href="/trvanlive/cerealie-a-musli/tycinky/musli">Musli</a>
					</li>
					<li>
						<a href="/trvanlive/cerealie-a-musli/tycinky/cerealni">Cereální</a>
					</li>
				</ul>
			</li>
		</ul>
	</div>
</div>				<div id="snippet--productFilterArea">
<div class="block block-product-price-filter lighter-gray-bg">
    <div class="filter-ajax-waiting">
        <div class="loading">
            <div class="loading-bar"></div>
            <div class="loading-bar"></div>
            <div class="loading-bar"></div>
            <div class="loading-bar"></div>
        </div>
    </div>
    <div class="count" id="snippet-productFilter-countArea">
        <p>367 produktů nalezeno</p>
    </div>

        <h3 aria-label="Filtr Podle ceny">Podle ceny</h3>
        <div id="snippet-productFilter-priceFinalVatConstraintFormArea">
        <form action="/trvanlive/cerealie-a-musli" method="post" class="ajax filter-constraint filter-range" id="frm-productFilter-priceFinalVatConstraintForm">
                                <div id="slider-value" class="slider"><input type="text" name="value[min]" style="display:none" id="value-min" value="0"><input type="text" name="value[max]" style="display:none" id="value-max" value="220"><div data-suffix="Kč" data-minimum="0" data-maximum="220" data-value-min="0" data-value-max="220" data-step="10" class="range-wrapper"><div id="range-input"></div></div><span id="value-label-minValue"></span><span id="value-label-maxValue" style="float:right"></span></div>
                                <input type="hidden" name="do" value="productFilter-priceFinalVatConstraintForm-submit">
        <!--[if IE]><input type=IEbug disabled style="display:none"><![endif]-->
</form>

</div>
        <h3 aria-label="Filtr Podle značky">Podle značky</h3>
        <div id="snippet-productFilter-brandConstraintFormArea">
        <form action="/trvanlive/cerealie-a-musli" method="post" class="ajax filter-constraint filter-list" id="frm-productFilter-brandConstraintForm">
                <div class="filter-categories" id="filter-brand">

                                                         <div class="form-row" style="display: none;">
                            <input type="checkbox" name="value[]" onchange=" $('.filter-ajax-waiting').addClass('show');$(this).closest('form').submit();" id="frm-productFilter-brandConstraintForm-value-1852" value="1852" aria-label="!9 Bar (1)">
                            <label for="frm-productFilter-brandConstraintForm-value-1852">9 Bar (1)</label>
                        </div>


                                                         <div class="form-row" style="display: none;">
                            <input type="checkbox" name="value[]" onchange=" $('.filter-ajax-waiting').addClass('show');$(this).closest('form').submit();" id="frm-productFilter-brandConstraintForm-value-2155" value="2155" aria-label="!BONITAS (1)">
                            <label for="frm-productFilter-brandConstraintForm-value-2155">BONITAS (1)</label>
                        </div>


                                                         <div class="form-row" style="display: none;">
                            <input type="checkbox" name="value[]" onchange=" $('.filter-ajax-waiting').addClass('show');$(this).closest('form').submit();" id="frm-productFilter-brandConstraintForm-value-2840" value="2840" aria-label="!Bakalland (4)">
                            <label for="frm-productFilter-brandConstraintForm-value-2840">Bakalland (4)</label>
                        </div>


                                                         <div class="form-row" style="display: none;">
                            <input type="checkbox" name="value[]" onchange=" $('.filter-ajax-waiting').addClass('show');$(this).closest('form').submit();" id="frm-productFilter-brandConstraintForm-value-87" value="87" aria-label="!Bez značky (4)">
                            <label for="frm-productFilter-brandConstraintForm-value-87">Bez značky (4)</label>
                        </div>


                                                         <div class="form-row" style="display: none;">
                            <input type="checkbox" name="value[]" onchange=" $('.filter-ajax-waiting').addClass('show');$(this).closest('form').submit();" id="frm-productFilter-brandConstraintForm-value-942" value="942" aria-label="!Bio Harmonie (8)">
                            <label for="frm-productFilter-brandConstraintForm-value-942">Bio Harmonie (8)</label>
                        </div>


                                                         <div class="form-row" style="display: none;">
                            <input type="checkbox" name="value[]" onchange=" $('.filter-ajax-waiting').addClass('show');$(this).closest('form').submit();" id="frm-productFilter-brandConstraintForm-value-940" value="940" aria-label="!Biolinie (2)">
                            <label for="frm-productFilter-brandConstraintForm-value-940">Biolinie (2)</label>
                        </div>


                                                         <div class="form-row" style="display: none;">
                            <input type="checkbox" name="value[]" onchange=" $('.filter-ajax-waiting').addClass('show');$(this).closest('form').submit();" id="frm-productFilter-brandConstraintForm-value-2190" value="2190" aria-label="!Bionebio (1)">
                            <label for="frm-productFilter-brandConstraintForm-value-2190">Bionebio (1)</label>
                        </div>


                            <div class="form-row">
                            <input type="checkbox" name="value[]" onchange=" $('.filter-ajax-waiting').addClass('show');$(this).closest('form').submit();" id="frm-productFilter-brandConstraintForm-value-168" value="168" aria-label="!Bona Vita (45)">
                            <label for="frm-productFilter-brandConstraintForm-value-168">Bona Vita (45)</label>
                        </div>


                            <div class="form-row">
                            <input type="checkbox" name="value[]" onchange=" $('.filter-ajax-waiting').addClass('show');$(this).closest('form').submit();" id="frm-productFilter-brandConstraintForm-value-1302" value="1302" aria-label="!Bonavita (8)">
                            <label for="frm-productFilter-brandConstraintForm-value-1302">Bonavita (8)</label>
                        </div>


                                                         <div class="form-row" style="display: none;">
                            <input type="checkbox" name="value[]" onchange=" $('.filter-ajax-waiting').addClass('show');$(this).closest('form').submit();" id="frm-productFilter-brandConstraintForm-value-1991" value="1991" aria-label="!Cerea (1)">
                            <label for="frm-productFilter-brandConstraintForm-value-1991">Cerea (1)</label>
                        </div>


                                                         <div class="form-row" style="display: none;">
                            <input type="checkbox" name="value[]" onchange=" $('.filter-ajax-waiting').addClass('show');$(this).closest('form').submit();" id="frm-productFilter-brandConstraintForm-value-2229" value="2229" aria-label="!Chimpanzee (4)">
                            <label for="frm-productFilter-brandConstraintForm-value-2229">Chimpanzee (4)</label>
                        </div>


                            <div class="form-row">
                            <input type="checkbox" name="value[]" onchange=" $('.filter-ajax-waiting').addClass('show');$(this).closest('form').submit();" id="frm-productFilter-brandConstraintForm-value-174" value="174" aria-label="!Corny (14)">
                            <label for="frm-productFilter-brandConstraintForm-value-174">Corny (14)</label>
                        </div>


                            <div class="form-row">
                            <input type="checkbox" name="value[]" onchange=" $('.filter-ajax-waiting').addClass('show');$(this).closest('form').submit();" id="frm-productFilter-brandConstraintForm-value-906" value="906" aria-label="!Country Life (13)">
                            <label for="frm-productFilter-brandConstraintForm-value-906">Country Life (13)</label>
                        </div>


                                                         <div class="form-row" style="display: none;">
                            <input type="checkbox" name="value[]" onchange=" $('.filter-ajax-waiting').addClass('show');$(this).closest('form').submit();" id="frm-productFilter-brandConstraintForm-value-3269" value="3269" aria-label="!Crazy Nuts (1)">
                            <label for="frm-productFilter-brandConstraintForm-value-3269">Crazy Nuts (1)</label>
                        </div>


                                                         <div class="form-row" style="display: none;">
                            <input type="checkbox" name="value[]" onchange=" $('.filter-ajax-waiting').addClass('show');$(this).closest('form').submit();" id="frm-productFilter-brandConstraintForm-value-313" value="313" aria-label="!Dr. Oetker (7)">
                            <label for="frm-productFilter-brandConstraintForm-value-313">Dr. Oetker (7)</label>
                        </div>


                                                         <div class="form-row" style="display: none;">
                            <input type="checkbox" name="value[]" onchange=" $('.filter-ajax-waiting').addClass('show');$(this).closest('form').submit();" id="frm-productFilter-brandConstraintForm-value-609" value="609" aria-label="!Druid (4)">
                            <label for="frm-productFilter-brandConstraintForm-value-609">Druid (4)</label>
                        </div>


                                                         <div class="form-row" style="display: none;">
                            <input type="checkbox" name="value[]" onchange=" $('.filter-ajax-waiting').addClass('show');$(this).closest('form').submit();" id="frm-productFilter-brandConstraintForm-value-678" value="678" aria-label="!Edeka (2)">
                            <label for="frm-productFilter-brandConstraintForm-value-678">Edeka (2)</label>
                        </div>


                            <div class="form-row">
                            <input type="checkbox" name="value[]" onchange=" $('.filter-ajax-waiting').addClass('show');$(this).closest('form').submit();" id="frm-productFilter-brandConstraintForm-value-169" value="169" aria-label="!Emco (63)">
                            <label for="frm-productFilter-brandConstraintForm-value-169">Emco (63)</label>
                        </div>


                            <div class="form-row">
                            <input type="checkbox" name="value[]" onchange=" $('.filter-ajax-waiting').addClass('show');$(this).closest('form').submit();" id="frm-productFilter-brandConstraintForm-value-175" value="175" aria-label="!Fit (18)">
                            <label for="frm-productFilter-brandConstraintForm-value-175">Fit (18)</label>
                        </div>


                                                         <div class="form-row" style="display: none;">
                            <input type="checkbox" name="value[]" onchange=" $('.filter-ajax-waiting').addClass('show');$(this).closest('form').submit();" id="frm-productFilter-brandConstraintForm-value-2429" value="2429" aria-label="!Flap jack (8)">
                            <label for="frm-productFilter-brandConstraintForm-value-2429">Flap jack (8)</label>
                        </div>


                                                         <div class="form-row" style="display: none;">
                            <input type="checkbox" name="value[]" onchange=" $('.filter-ajax-waiting').addClass('show');$(this).closest('form').submit();" id="frm-productFilter-brandConstraintForm-value-1602" value="1602" aria-label="!Fly (3)">
                            <label for="frm-productFilter-brandConstraintForm-value-1602">Fly (3)</label>
                        </div>


                                                         <div class="form-row" style="display: none;">
                            <input type="checkbox" name="value[]" onchange=" $('.filter-ajax-waiting').addClass('show');$(this).closest('form').submit();" id="frm-productFilter-brandConstraintForm-value-3212" value="3212" aria-label="!Freche Freunde (4)">
                            <label for="frm-productFilter-brandConstraintForm-value-3212">Freche Freunde (4)</label>
                        </div>


                                                         <div class="form-row" style="display: none;">
                            <input type="checkbox" name="value[]" onchange=" $('.filter-ajax-waiting').addClass('show');$(this).closest('form').submit();" id="frm-productFilter-brandConstraintForm-value-661" value="661" aria-label="!G&amp;G (6)">
                            <label for="frm-productFilter-brandConstraintForm-value-661">G&amp;G (6)</label>
                        </div>


                                                         <div class="form-row" style="display: none;">
                            <input type="checkbox" name="value[]" onchange=" $('.filter-ajax-waiting').addClass('show');$(this).closest('form').submit();" id="frm-productFilter-brandConstraintForm-value-2719" value="2719" aria-label="!Kellogg's (4)">
                            <label for="frm-productFilter-brandConstraintForm-value-2719">Kellogg's (4)</label>
                        </div>


                                                         <div class="form-row" style="display: none;">
                            <input type="checkbox" name="value[]" onchange=" $('.filter-ajax-waiting').addClass('show');$(this).closest('form').submit();" id="frm-productFilter-brandConstraintForm-value-2466" value="2466" aria-label="!Komako (3)">
                            <label for="frm-productFilter-brandConstraintForm-value-2466">Komako (3)</label>
                        </div>


                                                         <div class="form-row" style="display: none;">
                            <input type="checkbox" name="value[]" onchange=" $('.filter-ajax-waiting').addClass('show');$(this).closest('form').submit();" id="frm-productFilter-brandConstraintForm-value-921" value="921" aria-label="!Labeta (2)">
                            <label for="frm-productFilter-brandConstraintForm-value-921">Labeta (2)</label>
                        </div>


                            <div class="form-row">
                            <input type="checkbox" name="value[]" onchange=" $('.filter-ajax-waiting').addClass('show');$(this).closest('form').submit();" id="frm-productFilter-brandConstraintForm-value-3158" value="3158" aria-label="!LeGracie (13)">
                            <label for="frm-productFilter-brandConstraintForm-value-3158">LeGracie (13)</label>
                        </div>


                                                         <div class="form-row" style="display: none;">
                            <input type="checkbox" name="value[]" onchange=" $('.filter-ajax-waiting').addClass('show');$(this).closest('form').submit();" id="frm-productFilter-brandConstraintForm-value-228" value="228" aria-label="!Manner (1)">
                            <label for="frm-productFilter-brandConstraintForm-value-228">Manner (1)</label>
                        </div>


                                                         <div class="form-row" style="display: none;">
                            <input type="checkbox" name="value[]" onchange=" $('.filter-ajax-waiting').addClass('show');$(this).closest('form').submit();" id="frm-productFilter-brandConstraintForm-value-1135" value="1135" aria-label="!Max Sport  (1)">
                            <label for="frm-productFilter-brandConstraintForm-value-1135">Max Sport  (1)</label>
                        </div>


                                                         <div class="form-row" style="display: none;">
                            <input type="checkbox" name="value[]" onchange=" $('.filter-ajax-waiting').addClass('show');$(this).closest('form').submit();" id="frm-productFilter-brandConstraintForm-value-177" value="177" aria-label="!Maxi Nuta (3)">
                            <label for="frm-productFilter-brandConstraintForm-value-177">Maxi Nuta (3)</label>
                        </div>


                                                         <div class="form-row" style="display: none;">
                            <input type="checkbox" name="value[]" onchange=" $('.filter-ajax-waiting').addClass('show');$(this).closest('form').submit();" id="frm-productFilter-brandConstraintForm-value-3047" value="3047" aria-label="!Milzu! (1)">
                            <label for="frm-productFilter-brandConstraintForm-value-3047">Milzu! (1)</label>
                        </div>


                            <div class="form-row">
                            <input type="checkbox" name="value[]" onchange=" $('.filter-ajax-waiting').addClass('show');$(this).closest('form').submit();" id="frm-productFilter-brandConstraintForm-value-2246" value="2246" aria-label="!Mixit (10)">
                            <label for="frm-productFilter-brandConstraintForm-value-2246">Mixit (10)</label>
                        </div>


                            <div class="form-row">
                            <input type="checkbox" name="value[]" onchange=" $('.filter-ajax-waiting').addClass('show');$(this).closest('form').submit();" id="frm-productFilter-brandConstraintForm-value-170" value="170" aria-label="!Nestlé (40)">
                            <label for="frm-productFilter-brandConstraintForm-value-170">Nestlé (40)</label>
                        </div>


                                                         <div class="form-row" style="display: none;">
                            <input type="checkbox" name="value[]" onchange=" $('.filter-ajax-waiting').addClass('show');$(this).closest('form').submit();" id="frm-productFilter-brandConstraintForm-value-1578" value="1578" aria-label="!Nominal (6)">
                            <label for="frm-productFilter-brandConstraintForm-value-1578">Nominal (6)</label>
                        </div>


                            <div class="form-row">
                            <input type="checkbox" name="value[]" onchange=" $('.filter-ajax-waiting').addClass('show');$(this).closest('form').submit();" id="frm-productFilter-brandConstraintForm-value-1540" value="1540" aria-label="!Nutrend (31)">
                            <label for="frm-productFilter-brandConstraintForm-value-1540">Nutrend (31)</label>
                        </div>


                                                         <div class="form-row" style="display: none;">
                            <input type="checkbox" name="value[]" onchange=" $('.filter-ajax-waiting').addClass('show');$(this).closest('form').submit();" id="frm-productFilter-brandConstraintForm-value-1322" value="1322" aria-label="!Nutrifree (2)">
                            <label for="frm-productFilter-brandConstraintForm-value-1322">Nutrifree (2)</label>
                        </div>


                                                         <div class="form-row" style="display: none;">
                            <input type="checkbox" name="value[]" onchange=" $('.filter-ajax-waiting').addClass('show');$(this).closest('form').submit();" id="frm-productFilter-brandConstraintForm-value-3544" value="3544" aria-label="!Nutrimama (1)">
                            <label for="frm-productFilter-brandConstraintForm-value-3544">Nutrimama (1)</label>
                        </div>


                                                         <div class="form-row" style="display: none;">
                            <input type="checkbox" name="value[]" onchange=" $('.filter-ajax-waiting').addClass('show');$(this).closest('form').submit();" id="frm-productFilter-brandConstraintForm-value-171" value="171" aria-label="!Opavia (5)">
                            <label for="frm-productFilter-brandConstraintForm-value-171">Opavia (5)</label>
                        </div>


                                                         <div class="form-row" style="display: none;">
                            <input type="checkbox" name="value[]" onchange=" $('.filter-ajax-waiting').addClass('show');$(this).closest('form').submit();" id="frm-productFilter-brandConstraintForm-value-2802" value="2802" aria-label="!Organix (2)">
                            <label for="frm-productFilter-brandConstraintForm-value-2802">Organix (2)</label>
                        </div>


                                                         <div class="form-row" style="display: none;">
                            <input type="checkbox" name="value[]" onchange=" $('.filter-ajax-waiting').addClass('show');$(this).closest('form').submit();" id="frm-productFilter-brandConstraintForm-value-1601" value="1601" aria-label="!Rupa (3)">
                            <label for="frm-productFilter-brandConstraintForm-value-1601">Rupa (3)</label>
                        </div>


                                                         <div class="form-row" style="display: none;">
                            <input type="checkbox" name="value[]" onchange=" $('.filter-ajax-waiting').addClass('show');$(this).closest('form').submit();" id="frm-productFilter-brandConstraintForm-value-2993" value="2993" aria-label="!Simply raw (5)">
                            <label for="frm-productFilter-brandConstraintForm-value-2993">Simply raw (5)</label>
                        </div>


                                                         <div class="form-row" style="display: none;">
                            <input type="checkbox" name="value[]" onchange=" $('.filter-ajax-waiting').addClass('show');$(this).closest('form').submit();" id="frm-productFilter-brandConstraintForm-value-1577" value="1577" aria-label="!Tilquhillie (1)">
                            <label for="frm-productFilter-brandConstraintForm-value-1577">Tilquhillie (1)</label>
                        </div>


                                                         <div class="form-row" style="display: none;">
                            <input type="checkbox" name="value[]" onchange=" $('.filter-ajax-waiting').addClass('show');$(this).closest('form').submit();" id="frm-productFilter-brandConstraintForm-value-2935" value="2935" aria-label="!Time1 (1)">
                            <label for="frm-productFilter-brandConstraintForm-value-2935">Time1 (1)</label>
                        </div>


                                                         <div class="form-row" style="display: none;">
                            <input type="checkbox" name="value[]" onchange=" $('.filter-ajax-waiting').addClass('show');$(this).closest('form').submit();" id="frm-productFilter-brandConstraintForm-value-1098" value="1098" aria-label="!Vločkárna Vřesce (1)">
                            <label for="frm-productFilter-brandConstraintForm-value-1098">Vločkárna Vřesce (1)</label>
                        </div>


                                                         <div class="form-row" style="display: none;">
                            <input type="checkbox" name="value[]" onchange=" $('.filter-ajax-waiting').addClass('show');$(this).closest('form').submit();" id="frm-productFilter-brandConstraintForm-value-909" value="909" aria-label="!Wholebake (8)">
                            <label for="frm-productFilter-brandConstraintForm-value-909">Wholebake (8)</label>
                        </div>


                                                         <div class="form-row" style="display: none;">
                            <input type="checkbox" name="value[]" onchange=" $('.filter-ajax-waiting').addClass('show');$(this).closest('form').submit();" id="frm-productFilter-brandConstraintForm-value-2259" value="2259" aria-label="!Šmajstrla (1)">
                            <label for="frm-productFilter-brandConstraintForm-value-2259">Šmajstrla (1)</label>
                        </div>

																<a class="show-more-brands link-red">více značek</a>
																<a class="show-less-brands link-red" style="display: none;">méně značek</a>
                            <br><br>
                            <a class="link-red align-right" href="/trvanlive/cerealie-a-musli?do=productFilter-reset">zrušit filtr</a>
                </div>
                                <input type="hidden" name="do" value="productFilter-brandConstraintForm-submit">
        <!--[if IE]><input type=IEbug disabled style="display:none"><![endif]-->
</form>

</div>
                                                                    </div>
<script type="text/javascript" id="snippet-productFilter-scriptArea">
	$('.filter-more-result-column').hide();

//    $(document).ready(function () {
        $(document).ajaxComplete(function() {

            $('.filter-ajax-waiting').removeClass('show');


            var brandClass = 'show';
            var formRowClass = 'form-row';
            var filterCategoriesClass = 'filter-categories';
            var buttonsShowMoreClass = 'show-more-brands';
            var buttonsShowLessClass = 'show-less-brands';
            var filters = $('.filter-more-result');
            var defaultFilterInputs = {"brand":[169,168,170,1540,175,174,906,3158,2246,1302]};

            function hideCheckboxes(rows, key) {

                if (rows.legnth <= 10) {
                    return;
                }

            rows.each(function (i, e) {
                var val = +$(e).find("input").val();
                var arr = defaultFilterInputs[key];

                if ($.inArray(val, arr) === -1) {
                    $(e).hide();
                }
            });
        }

            $('.' + buttonsShowMoreClass).on('click', function (e) {
                e.stopPropagation();

                var filterCategories = $(this).closest('.' + filterCategoriesClass);

                for (var key in defaultFilterInputs) {
                    if (defaultFilterInputs.hasOwnProperty(key)) {
                        if (filterCategories.attr("id") === "filter-" + key) {
                            continue;
                        }
                        var rows = $('#filter-' + key + ' .' + formRowClass);
                        hideCheckboxes(rows, key);
                        $('#filter-' + key + ' .' + buttonsShowMoreClass).show();
                    }
                }

                filterCategories
                        .find('.' + formRowClass)
                        .show();

                $('.' + buttonsShowLessClass).hide();

                filterCategories
                        .find('.' + buttonsShowLessClass)
                        .show();

                $(this).hide();
            });


            $('.' + buttonsShowLessClass).on('click', function (e) {
                e.stopPropagation();

                var filterCategories = $(this).closest('.' + filterCategoriesClass);
                var key = filterCategories.attr("id").split("-")[1];
                var rows = filterCategories.find('.' + formRowClass);

                hideCheckboxes(rows, key);

                filterCategories
                        .find('.' + buttonsShowMoreClass)
                        .show();

                $(this).hide();
            });

            filters.on('click', function(e){
                e.stopPropagation();
            });

            $('html, body').on('click', function(){
                filters.removeClass(brandClass);
            });

            $('.filter-more-result .kosik-modal-close').on('click', function () {
                filters.removeClass(brandClass);
            });

            $('.filter-constraint').each(function () {
                enableAutoSubmit('#' + $(this).attr('id'));
            });

            function enableAutoSubmit(selector) {

                if ($(selector).hasClass('filter-range')) {
                    $(document).on('mouseup', selector, function () {
                        $('.filter-ajax-waiting').addClass('show');
                        $(this).closest('form').submit();
                    });
                }

//                $(document).ajaxComplete(function(){
//                    $('.filter-ajax-waiting').removeClass('show');
//                })
            }
        });
//    });
</script>
				</div>
			</div>
		</div>

		<div class="region-products-popular">

			<div class="region region-title-afinity-select no-aside clearfix" role="main">
				<div class="region-inner region-title-afinity-select-inner">
																					<div class="block block-title">
						<h1>Cereálie a musli</h1>
					</div>
					<div id="snippet--primaryFilterArea">
<form action="/trvanlive/cerealie-a-musli" method="post" class="ajax" id="frm-productPrimaryFilter-constraintForm">
<div class="block block-afinity-groups">
	<div class="afinity-group" tabindex="0">
		<label for="bio">
			<input type="checkbox" id="bio" value="bio" name="bio" onchange='$(this).closest("form").submit();'>
			<div class="group-icon"><span class="icon-afinity-Bio"></span></div>
			<span class="group-name">Bio</span>
		</label>
	</div>
	<div class="afinity-group" tabindex="0">
		<label for="noAleurone">
			<input type="checkbox" id="noAleurone" value="noAleurone" name="noAleurone" onchange='$(this).closest("form").submit();'>
			<div class="group-icon strike-through"><span class="icon-afinity-Wheat"></span></div>
			<span class="group-name">Bez lepku</span>
		</label>
	</div>
	<div class="afinity-group" tabindex="0">
		<label for="noLactose">
			<input type="checkbox" id="noLactose" value="noLactose" name="noLactose" onchange='$(this).closest("form").submit();'>
			<div class="group-icon strike-through"><span class="icon-afinity-Milk"></span></div>
			<span class="group-name">Bez laktózy</span>
		</label>
	</div>
	<div class="afinity-group" tabindex="0">
		<label for="farm">
			<input type="checkbox" id="farm" value="farm" name="farm" onchange='$(this).closest("form").submit();'>
			<div class="group-icon"><span class="icon-afinity-Farm"></span></div>
			<span class="group-name">Farmářské</span>
		</label>
	</div>
	<div class="afinity-group" tabindex="0">
		<label for="noPalmOil">
			<input type="checkbox" id="noPalmOil" value="noPalmOil" name="noPalmOil" onchange='$(this).closest("form").submit();'>
			<div class="group-icon strike-through"><span class="icon-afinity-Palm-oil"></span></div>
			<span class="group-name">Bez palmového tuku</span>
		</label>
	</div>
	<div class="afinity-group" tabindex="0">
		<label for="vegan">
			<input type="checkbox" id="vegan" value="vegan" name="vegan" onchange='$(this).closest("form").submit();'>
			<div class="group-icon strike-through"><span class="icon-afinity-Egg"></span></div>
			<span class="group-name">Vhodné pro vegany</span>
		</label>
	</div>
	<div class="afinity-group" tabindex="0">
		<label for="vegetarian">
			<input type="checkbox" id="vegetarian" value="vegetarian" name="vegetarian" onchange='$(this).closest("form").submit();'>
			<div class="group-icon strike-through"><span class="icon-afinity-Steak"></span></div>
			<span class="group-name">Vegetariánské</span>
		</label>
	</div>
	<div class="afinity-group" tabindex="0">
		<label for="isKlasa">
			<input type="checkbox" id="isKlasa" value="isKlasa" name="isKlasa" onchange='$(this).closest("form").submit();'>
			<div class="group-icon"><span class="icon-afinity-Klasa"></span></div>
			<span class="group-name">Klasa</span>
		</label>
	</div>
</div>
<input type="hidden" name="do" value="productPrimaryFilter-constraintForm-submit"><!--[if IE]><input type=IEbug disabled style="display:none"><![endif]-->
</form>

					</div>
					<div class="block block-product-list-option">
<ul class="product-list-option element-bordered-select-box">
    <li tabindex="0">
        <span>Oblíbené<span class="accessible"> - vybráno</span></span>
        <div class="positioner">
            <ul>
                <li>
                    <a title="Akční" href="/trvanlive/cerealie-a-musli?productListOptions-preset=orderDiscount">
                        Akční
                    </a>
                </li>
                <li>
                    <a title="Nejlevnější" href="/trvanlive/cerealie-a-musli?productListOptions-preset=orderPriceAscending">
                        Nejlevnější
                    </a>
                </li>
                <li>
                    <a title="Nejdražší" href="/trvanlive/cerealie-a-musli?productListOptions-preset=orderPriceDescending">
                        Nejdražší
                    </a>
                </li>
            </ul>
        </div>
    </li>
</ul>
					</div>
				</div>
			</div>

			<div class="region region-products" data-ajax-append="product-item" id="snippet--productListArea">
				<div class="region-inner region-products-inner">
<script async>
    basic.documentReady(function () {
        $.get("\/trvanlive\/cerealie-a-musli?do=productList-ajaxLoaderSetting").done(function (setting) {
            setting.ShowButton = false;
            ajaxLoader.init(setting);
        });
    });

    var onProductModalDestroy = function() {

    	var pageData = window.dataLayer[0];

        pageData["event"] = "ga.pageview";
        pageData["pagePath"] = window.location.pathname;
        pageData["pageTitle"] = window.document.title;

	    dataLayer.push(pageData);
    };
</script>
<div class="block block-product-items product-items" data-ajax-append="product-item" id="snippet-productList-productListArea">
    <div id="product-append-8904" class="product-item">
        <div class="product-item-flags">
        </div>
        <div class="product-item-image">
                <a data-href="/trvanlive/cerealie-a-musli?productList-id=8904&amp;do=productList-modal"
                   data-target="productList-productModal"
                   data-product-id="8904"
                   data-product-price="13.5"
                   data-page-title="Vločkárna Vřesce Ovesné vločky 450g"
                   data-page-path="/produkt/8904-vlockarna-vresce-ovesne-vlocky-450g"
                   data-user-id=""
                   aria-hidden="true"
                   data-kosikmodal-onclose="onProductModalDestroy"
                   onclick="kosikAjax.click(this, initModalCarousel(this))">
                    <img src="https://cdn.kosik.cz/content/product/jpg/list/placeholder.jpg" data-src="https://cdn.kosik.cz/content/product/jpg/list/16384.jpg" alt="Vločkárna Vřesce Ovesné vločky 450g" class="loading-images loading-image">
                </a>




        </div>
                <div class="product-item-info">
                <h5><a href="javascript:void(0)" aria-label="Vločkárna Vřesce Ovesné vločky 450g" data-href="/trvanlive/cerealie-a-musli?productList-id=8904&amp;do=productList-modal" class="product-name modal-link"
                   data-target="productList-productModal" onclick="kosikAjax.click(this, initModalCarousel(this))">
                    Vločkárna Vřesce Ovesné vločky 450g
                    
                </a></h5>
            <p class="product-item-price ">
                <span class="price-before-discount">
				</span>
                <strong class="price">13,50 Kč</strong>

            </p>
            <p class="product-item-unit">
                    (<strong class="price">30,00 Kč</strong> / kg)
            </p>
                        <div class="product-list-rating">
            </div>
<div id="snippet-productList-buy-8904-quantity">        <div class="product-quantity-control">
            <form action="/trvanlive/cerealie-a-musli" method="post" class="ajax" id="frm-productList-buy-8904-quantityForm">
                <input type="text" name="quantity" size="3" id="frm-productList-buy-8904-quantityForm-quantity" data-nette-rules='[{"op":":integer","msg":"Množství musí být číslo."}]' value="1" aria-label="počet k přidání">
                <input type="submit" name="_submit" value="Přidat" class="product-quantity-control-submit plus" aria-label="přidat počet do košíku">
            <input type="hidden" name="do" value="productList-buy-8904-quantityForm-submit"><!--[if IE]><input type=IEbug disabled style="display:none"><![endif]-->
</form>

        </div>
</div>
                <p class="product-incart-info accessible">Produkt nemáte v košíku</p>


        </div>

        
    </div>
    <div id="product-append-862" class="product-item">
        <div class="product-item-flags">
        </div>
        <div class="product-item-image">
                <a data-href="/trvanlive/cerealie-a-musli?productList-id=862&amp;do=productList-modal"
                   data-target="productList-productModal"
                   data-product-id="862"
                   data-product-price="8.9"
                   data-page-title="Fit Müsli tyčinka šťavnatá 30g"
                   data-page-path="/produkt/862-fit-musli-tycinka-stavnata-30g"
                   data-user-id=""
                   aria-hidden="true"
                   data-kosikmodal-onclose="onProductModalDestroy"
                   onclick="kosikAjax.click(this, initModalCarousel(this))">
                    <img src="https://cdn.kosik.cz/content/product/jpg/list/placeholder.jpg" data-src="https://cdn.kosik.cz/content/product/jpg/list/927.jpg" alt="Fit Müsli tyčinka šťavnatá 30g" class="loading-images loading-image">
                </a>




        </div>
                <div class="product-item-info">
                <h5><a href="javascript:void(0)" aria-label="Fit Müsli tyčinka šťavnatá 30g" data-href="/trvanlive/cerealie-a-musli?productList-id=862&amp;do=productList-modal" class="product-name modal-link"
                   data-target="productList-productModal" onclick="kosikAjax.click(this, initModalCarousel(this))">
                    Fit Müsli tyčinka šťavnatá 30g
                    
                </a></h5>
            <p class="product-item-price ">
                <span class="price-before-discount">
				</span>
                <strong class="price">8,90 Kč</strong>

            </p>
            <p class="product-item-unit">
                    (<strong class="price">296,70 Kč</strong> / kg)
            </p>
                        <div class="product-list-rating">
            </div>
<div id="snippet-productList-buy-862-quantity">        <div class="product-quantity-control">
            <form action="/trvanlive/cerealie-a-musli" method="post" class="ajax" id="frm-productList-buy-862-quantityForm">
                <input type="text" name="quantity" size="3" id="frm-productList-buy-862-quantityForm-quantity" data-nette-rules='[{"op":":integer","msg":"Množství musí být číslo."}]' value="1" aria-label="počet k přidání">
                <input type="submit" name="_submit" value="Přidat" class="product-quantity-control-submit plus" aria-label="přidat počet do košíku">
            <input type="hidden" name="do" value="productList-buy-862-quantityForm-submit"><!--[if IE]><input type=IEbug disabled style="display:none"><![endif]-->
</form>

        </div>
</div>
                <p class="product-incart-info accessible">Produkt nemáte v košíku</p>


        </div>

        
    </div>
    <div id="product-append-8905" class="product-item">
        <div class="product-item-flags">
        </div>
        <div class="product-item-image">
                <a data-href="/trvanlive/cerealie-a-musli?productList-id=8905&amp;do=productList-modal"
                   data-target="productList-productModal"
                   data-product-id="8905"
                   data-product-price="18.9"
                   data-page-title="G&amp;G Vločky ovesné jemné 500g"
                   data-page-path="/produkt/8905-g-g-vlocky-ovesne-jemne-500g"
                   data-user-id=""
                   aria-hidden="true"
                   data-kosikmodal-onclose="onProductModalDestroy"
                   onclick="kosikAjax.click(this, initModalCarousel(this))">
                    <img src="https://cdn.kosik.cz/content/product/jpg/list/placeholder.jpg" data-src="https://cdn.kosik.cz/content/product/jpg/list/16385.jpg" alt="G&amp;G Vločky ovesné jemné 500g" class="loading-images loading-image">
                </a>




        </div>
                <div class="product-item-info">
                <h5><a href="javascript:void(0)" aria-label="G&amp;G Vločky ovesné jemné 500g" data-href="/trvanlive/cerealie-a-musli?productList-id=8905&amp;do=productList-modal" class="product-name modal-link"
                   data-target="productList-productModal" onclick="kosikAjax.click(this, initModalCarousel(this))">
                    G&amp;G Vločky ovesné jemné 500g
                    
                </a></h5>
            <p class="product-item-price ">
                <span class="price-before-discount">
				</span>
                <strong class="price">18,90 Kč</strong>

            </p>
            <p class="product-item-unit">
                    (<strong class="price">37,80 Kč</strong> / kg)
            </p>
                        <div class="product-list-rating">
                <span><ul class="rating"><li class="rating-children rating-1 up" data-rating="1"><i class="fa fa-star"></i></li><li class="rating-children rating-2 up" data-rating="2"><i class="fa fa-star"></i></li><li class="rating-children rating-3 up" data-rating="3"><i class="fa fa-star"></i></li><li class="rating-children rating-4 up" data-rating="4"><i class="fa fa-star"></i></li><li class="rating-children rating-5 up" data-rating="5"><i class="fa fa-star"></i></li></ul></span>
            </div>
<div id="snippet-productList-buy-8905-quantity">        <div class="product-quantity-control">
            <form action="/trvanlive/cerealie-a-musli" method="post" class="ajax" id="frm-productList-buy-8905-quantityForm">
                <input type="text" name="quantity" size="3" id="frm-productList-buy-8905-quantityForm-quantity" data-nette-rules='[{"op":":integer","msg":"Množství musí být číslo."}]' value="1" aria-label="počet k přidání">
                <input type="submit" name="_submit" value="Přidat" class="product-quantity-control-submit plus" aria-label="přidat počet do košíku">
            <input type="hidden" name="do" value="productList-buy-8905-quantityForm-submit"><!--[if IE]><input type=IEbug disabled style="display:none"><![endif]-->
</form>

        </div>
</div>
                <p class="product-incart-info accessible">Produkt nemáte v košíku</p>


        </div>

        
    </div>
    <div id="product-append-838" class="product-item">
        <div class="product-item-flags">
        </div>
        <div class="product-item-image">
                <a data-href="/trvanlive/cerealie-a-musli?productList-id=838&amp;do=productList-modal"
                   data-target="productList-productModal"
                   data-product-id="838"
                   data-product-price="13.9"
                   data-page-title="Emco Tyčinka oříšková - pistácie 35g"
                   data-page-path="/produkt/838-emco-tycinka-oriskova-pistacie-35g"
                   data-user-id=""
                   aria-hidden="true"
                   data-kosikmodal-onclose="onProductModalDestroy"
                   onclick="kosikAjax.click(this, initModalCarousel(this))">
                    <img src="https://cdn.kosik.cz/content/product/jpg/list/placeholder.jpg" data-src="https://cdn.kosik.cz/content/product/jpg/list/903.jpg" alt="Emco Tyčinka oříšková - pistácie 35g" class="loading-images loading-image">
                </a>




        </div>
                <div class="product-item-info">
                <h5><a href="javascript:void(0)" aria-label="Emco Tyčinka oříšková - pistácie 35g" data-href="/trvanlive/cerealie-a-musli?productList-id=838&amp;do=productList-modal" class="product-name modal-link"
                   data-target="productList-productModal" onclick="kosikAjax.click(this, initModalCarousel(this))">
                    Emco Tyčinka oříšková - pistácie 35g
                    
                </a></h5>
            <p class="product-item-price ">
                <span class="price-before-discount">
				</span>
                <strong class="price">13,90 Kč</strong>

            </p>
            <p class="product-item-unit">
                    (<strong class="price">397,10 Kč</strong> / kg)
            </p>
                        <div class="product-list-rating">
            </div>
<div id="snippet-productList-buy-838-quantity">        <div class="product-quantity-control">
            <form action="/trvanlive/cerealie-a-musli" method="post" class="ajax" id="frm-productList-buy-838-quantityForm">
                <input type="text" name="quantity" size="3" id="frm-productList-buy-838-quantityForm-quantity" data-nette-rules='[{"op":":integer","msg":"Množství musí být číslo."}]' value="1" aria-label="počet k přidání">
                <input type="submit" name="_submit" value="Přidat" class="product-quantity-control-submit plus" aria-label="přidat počet do košíku">
            <input type="hidden" name="do" value="productList-buy-838-quantityForm-submit"><!--[if IE]><input type=IEbug disabled style="display:none"><![endif]-->
</form>

        </div>
</div>
                <p class="product-incart-info accessible">Produkt nemáte v košíku</p>


        </div>

        
    </div>
    <div id="product-append-822" class="product-item">
        <div class="product-item-flags">
        </div>
        <div class="product-item-image">
                <a data-href="/trvanlive/cerealie-a-musli?productList-id=822&amp;do=productList-modal"
                   data-target="productList-productModal"
                   data-product-id="822"
                   data-product-price="29.9"
                   data-page-title="Emco Ovesné vločky jemné 500g"
                   data-page-path="/produkt/822-emco-ovesne-vlocky-jemne-500g"
                   data-user-id=""
                   aria-hidden="true"
                   data-kosikmodal-onclose="onProductModalDestroy"
                   onclick="kosikAjax.click(this, initModalCarousel(this))">
                    <img src="https://cdn.kosik.cz/content/product/jpg/list/placeholder.jpg" data-src="https://cdn.kosik.cz/content/product/jpg/list/887.jpg" alt="Emco Ovesné vločky jemné 500g" class="loading-images loading-image">
                </a>




        </div>
                <div class="product-item-info">
                <h5><a href="javascript:void(0)" aria-label="Emco Ovesné vločky jemné 500g" data-href="/trvanlive/cerealie-a-musli?productList-id=822&amp;do=productList-modal" class="product-name modal-link"
                   data-target="productList-productModal" onclick="kosikAjax.click(this, initModalCarousel(this))">
                    Emco Ovesné vločky jemné 500g
                    
                </a></h5>
            <p class="product-item-price ">
                <span class="price-before-discount">
				</span>
                <strong class="price">29,90 Kč</strong>

            </p>
            <p class="product-item-unit">
                    (<strong class="price">59,80 Kč</strong> / kg)
            </p>
                        <div class="product-list-rating">
                <span><ul class="rating"><li class="rating-children rating-1 up" data-rating="1"><i class="fa fa-star"></i></li><li class="rating-children rating-2 up" data-rating="2"><i class="fa fa-star"></i></li><li class="rating-children rating-3 up" data-rating="3"><i class="fa fa-star"></i></li><li class="rating-children rating-4 up" data-rating="4"><i class="fa fa-star"></i></li><li class="rating-children rating-5 up" data-rating="5"><i class="fa fa-star"></i></li></ul></span>
            </div>
<div id="snippet-productList-buy-822-quantity">        <div class="product-quantity-control">
            <form action="/trvanlive/cerealie-a-musli" method="post" class="ajax" id="frm-productList-buy-822-quantityForm">
                <input type="text" name="quantity" size="3" id="frm-productList-buy-822-quantityForm-quantity" data-nette-rules='[{"op":":integer","msg":"Množství musí být číslo."}]' value="1" aria-label="počet k přidání">
                <input type="submit" name="_submit" value="Přidat" class="product-quantity-control-submit plus" aria-label="přidat počet do košíku">
            <input type="hidden" name="do" value="productList-buy-822-quantityForm-submit"><!--[if IE]><input type=IEbug disabled style="display:none"><![endif]-->
</form>

        </div>
</div>
                <p class="product-incart-info accessible">Produkt nemáte v košíku</p>


        </div>

        
    </div>
    <div id="product-append-8906" class="product-item">
        <div class="product-item-flags">
        </div>
        <div class="product-item-image">
                <a data-href="/trvanlive/cerealie-a-musli?productList-id=8906&amp;do=productList-modal"
                   data-target="productList-productModal"
                   data-product-id="8906"
                   data-product-price="18"
                   data-page-title="G&amp;G Vločky ovesné 500g"
                   data-page-path="/produkt/8906-g-g-vlocky-ovesne-500g"
                   data-user-id=""
                   aria-hidden="true"
                   data-kosikmodal-onclose="onProductModalDestroy"
                   onclick="kosikAjax.click(this, initModalCarousel(this))">
                    <img src="https://cdn.kosik.cz/content/product/jpg/list/placeholder.jpg" data-src="https://cdn.kosik.cz/content/product/jpg/list/16386.jpg" alt="G&amp;G Vločky ovesné 500g" class="loading-images loading-image">
                </a>




        </div>
                <div class="product-item-info">
                <h5><a href="javascript:void(0)" aria-label="G&amp;G Vločky ovesné 500g" data-href="/trvanlive/cerealie-a-musli?productList-id=8906&amp;do=productList-modal" class="product-name modal-link"
                   data-target="productList-productModal" onclick="kosikAjax.click(this, initModalCarousel(this))">
                    G&amp;G Vločky ovesné 500g
                    
                </a></h5>
            <p class="product-item-price ">
                <span class="price-before-discount">
				</span>
                <strong class="price">18,00 Kč</strong>

            </p>
            <p class="product-item-unit">
                    (<strong class="price">36,00 Kč</strong> / kg)
            </p>
                        <div class="product-list-rating">
                <span><ul class="rating"><li class="rating-children rating-1 up" data-rating="1"><i class="fa fa-star"></i></li><li class="rating-children rating-2 up" data-rating="2"><i class="fa fa-star"></i></li><li class="rating-children rating-3 up" data-rating="3"><i class="fa fa-star"></i></li><li class="rating-children rating-4 up" data-rating="4"><i class="fa fa-star"></i></li><li class="rating-children rating-5 up" data-rating="5"><i class="fa fa-star"></i></li></ul></span>
            </div>
<div id="snippet-productList-buy-8906-quantity">        <div class="product-quantity-control">
            <form action="/trvanlive/cerealie-a-musli" method="post" class="ajax" id="frm-productList-buy-8906-quantityForm">
                <input type="text" name="quantity" size="3" id="frm-productList-buy-8906-quantityForm-quantity" data-nette-rules='[{"op":":integer","msg":"Množství musí být číslo."}]' value="1" aria-label="počet k přidání">
                <input type="submit" name="_submit" value="Přidat" class="product-quantity-control-submit plus" aria-label="přidat počet do košíku">
            <input type="hidden" name="do" value="productList-buy-8906-quantityForm-submit"><!--[if IE]><input type=IEbug disabled style="display:none"><![endif]-->
</form>

        </div>
</div>
                <p class="product-incart-info accessible">Produkt nemáte v košíku</p>


        </div>

        
    </div>
    <div id="product-append-839" class="product-item">
        <div class="product-item-flags">
        </div>
        <div class="product-item-image">
                <a data-href="/trvanlive/cerealie-a-musli?productList-id=839&amp;do=productList-modal"
                   data-target="productList-productModal"
                   data-product-id="839"
                   data-product-price="8.9"
                   data-page-title="Fit Müsli tyčinka meruňková 30g"
                   data-page-path="/produkt/839-fit-musli-tycinka-merunkova-30g"
                   data-user-id=""
                   aria-hidden="true"
                   data-kosikmodal-onclose="onProductModalDestroy"
                   onclick="kosikAjax.click(this, initModalCarousel(this))">
                    <img src="https://cdn.kosik.cz/content/product/jpg/list/placeholder.jpg" data-src="https://cdn.kosik.cz/content/product/jpg/list/904.jpg" alt="Fit Müsli tyčinka meruňková 30g" class="loading-images loading-image">
                </a>




        </div>
                <div class="product-item-info">
                <h5><a href="javascript:void(0)" aria-label="Fit Müsli tyčinka meruňková 30g" data-href="/trvanlive/cerealie-a-musli?productList-id=839&amp;do=productList-modal" class="product-name modal-link"
                   data-target="productList-productModal" onclick="kosikAjax.click(this, initModalCarousel(this))">
                    Fit Müsli tyčinka meruňková 30g
                    
                </a></h5>
            <p class="product-item-price ">
                <span class="price-before-discount">
				</span>
                <strong class="price">8,90 Kč</strong>

            </p>
            <p class="product-item-unit">
                    (<strong class="price">296,70 Kč</strong> / kg)
            </p>
                        <div class="product-list-rating">
            </div>
<div id="snippet-productList-buy-839-quantity">        <div class="product-quantity-control">
            <form action="/trvanlive/cerealie-a-musli" method="post" class="ajax" id="frm-productList-buy-839-quantityForm">
                <input type="text" name="quantity" size="3" id="frm-productList-buy-839-quantityForm-quantity" data-nette-rules='[{"op":":integer","msg":"Množství musí být číslo."}]' value="1" aria-label="počet k přidání">
                <input type="submit" name="_submit" value="Přidat" class="product-quantity-control-submit plus" aria-label="přidat počet do košíku">
            <input type="hidden" name="do" value="productList-buy-839-quantityForm-submit"><!--[if IE]><input type=IEbug disabled style="display:none"><![endif]-->
</form>

        </div>
</div>
                <p class="product-incart-info accessible">Produkt nemáte v košíku</p>


        </div>

        
    </div>
    <div id="product-append-827" class="product-item">
        <div class="product-item-flags">
        </div>
        <div class="product-item-image">
                <a data-href="/trvanlive/cerealie-a-musli?productList-id=827&amp;do=productList-modal"
                   data-target="productList-productModal"
                   data-product-id="827"
                   data-product-price="14.9"
                   data-page-title="Corny BIG banán 50g"
                   data-page-path="/produkt/827-corny-big-banan-50g"
                   data-user-id=""
                   aria-hidden="true"
                   data-kosikmodal-onclose="onProductModalDestroy"
                   onclick="kosikAjax.click(this, initModalCarousel(this))">
                    <img src="https://cdn.kosik.cz/content/product/jpg/list/placeholder.jpg" data-src="https://cdn.kosik.cz/content/product/jpg/list/892.jpg" alt="Corny BIG banán 50g" class="loading-images loading-image">
                </a>




        </div>
                <div class="product-item-info">
                <h5><a href="javascript:void(0)" aria-label="Corny BIG banán 50g" data-href="/trvanlive/cerealie-a-musli?productList-id=827&amp;do=productList-modal" class="product-name modal-link"
                   data-target="productList-productModal" onclick="kosikAjax.click(this, initModalCarousel(this))">
                    Corny BIG banán 50g
                    
                </a></h5>
            <p class="product-item-price ">
                <span class="price-before-discount">
				</span>
                <strong class="price">14,90 Kč</strong>

            </p>
            <p class="product-item-unit">
                    (<strong class="price">298,00 Kč</strong> / kg)
            </p>
                        <div class="product-list-rating">
                <span><ul class="rating"><li class="rating-children rating-1 up" data-rating="1"><i class="fa fa-star"></i></li><li class="rating-children rating-2 up" data-rating="2"><i class="fa fa-star"></i></li><li class="rating-children rating-3 up" data-rating="3"><i class="fa fa-star"></i></li><li class="rating-children rating-4 up" data-rating="4"><i class="fa fa-star"></i></li><li class="rating-children rating-5 up" data-rating="5"><i class="fa fa-star"></i></li></ul></span>
            </div>
<div id="snippet-productList-buy-827-quantity">        <div class="product-quantity-control">
            <form action="/trvanlive/cerealie-a-musli" method="post" class="ajax" id="frm-productList-buy-827-quantityForm">
                <input type="text" name="quantity" size="3" id="frm-productList-buy-827-quantityForm-quantity" data-nette-rules='[{"op":":integer","msg":"Množství musí být číslo."}]' value="1" aria-label="počet k přidání">
                <input type="submit" name="_submit" value="Přidat" class="product-quantity-control-submit plus" aria-label="přidat počet do košíku">
            <input type="hidden" name="do" value="productList-buy-827-quantityForm-submit"><!--[if IE]><input type=IEbug disabled style="display:none"><![endif]-->
</form>

        </div>
</div>
                <p class="product-incart-info accessible">Produkt nemáte v košíku</p>


        </div>

        
    </div>
    <div id="product-append-832" class="product-item">
        <div class="product-item-flags">
        </div>
        <div class="product-item-image">
                <a data-href="/trvanlive/cerealie-a-musli?productList-id=832&amp;do=productList-modal"
                   data-target="productList-productModal"
                   data-product-id="832"
                   data-product-price="14.9"
                   data-page-title="Corny BIG čokoláda 50g"
                   data-page-path="/produkt/832-corny-big-cokolada-50g"
                   data-user-id=""
                   aria-hidden="true"
                   data-kosikmodal-onclose="onProductModalDestroy"
                   onclick="kosikAjax.click(this, initModalCarousel(this))">
                    <img src="https://cdn.kosik.cz/content/product/jpg/list/placeholder.jpg" data-src="https://cdn.kosik.cz/content/product/jpg/list/897.jpg" alt="Corny BIG čokoláda 50g" class="loading-images loading-image">
                </a>




        </div>
                <div class="product-item-info">
                <h5><a href="javascript:void(0)" aria-label="Corny BIG čokoláda 50g" data-href="/trvanlive/cerealie-a-musli?productList-id=832&amp;do=productList-modal" class="product-name modal-link"
                   data-target="productList-productModal" onclick="kosikAjax.click(this, initModalCarousel(this))">
                    Corny BIG čokoláda 50g
                    
                </a></h5>
            <p class="product-item-price ">
                <span class="price-before-discount">
				</span>
                <strong class="price">14,90 Kč</strong>

            </p>
            <p class="product-item-unit">
                    (<strong class="price">298,00 Kč</strong> / kg)
            </p>
                        <div class="product-list-rating">
            </div>
<div id="snippet-productList-buy-832-quantity">        <div class="product-quantity-control">
            <form action="/trvanlive/cerealie-a-musli" method="post" class="ajax" id="frm-productList-buy-832-quantityForm">
                <input type="text" name="quantity" size="3" id="frm-productList-buy-832-quantityForm-quantity" data-nette-rules='[{"op":":integer","msg":"Množství musí být číslo."}]' value="1" aria-label="počet k přidání">
                <input type="submit" name="_submit" value="Přidat" class="product-quantity-control-submit plus" aria-label="přidat počet do košíku">
            <input type="hidden" name="do" value="productList-buy-832-quantityForm-submit"><!--[if IE]><input type=IEbug disabled style="display:none"><![endif]-->
</form>

        </div>
</div>
                <p class="product-incart-info accessible">Produkt nemáte v košíku</p>


        </div>

        
    </div>
    <div id="product-append-11382" class="product-item">
        <div class="product-item-flags">
        </div>
        <div class="product-item-image">
                <a data-href="/trvanlive/cerealie-a-musli?productList-id=11382&amp;do=productList-modal"
                   data-target="productList-productModal"
                   data-product-id="11382"
                   data-product-price="5.9"
                   data-page-title="Fly Musli tyčinka čokoládová 25g"
                   data-page-path="/produkt/11382-fly-musli-tycinka-cokoladova-25g"
                   data-user-id=""
                   aria-hidden="true"
                   data-kosikmodal-onclose="onProductModalDestroy"
                   onclick="kosikAjax.click(this, initModalCarousel(this))">
                    <img src="https://cdn.kosik.cz/content/product/jpg/list/placeholder.jpg" data-src="https://cdn.kosik.cz/content/product/jpg/list/28928.jpg" alt="Fly Musli tyčinka čokoládová 25g" class="loading-images loading-image">
                </a>




        </div>
                <div class="product-item-info">
                <h5><a href="javascript:void(0)" aria-label="Fly Musli tyčinka čokoládová 25g" data-href="/trvanlive/cerealie-a-musli?productList-id=11382&amp;do=productList-modal" class="product-name modal-link"
                   data-target="productList-productModal" onclick="kosikAjax.click(this, initModalCarousel(this))">
                    Fly Musli tyčinka čokoládová 25g
                    
                </a></h5>
            <p class="product-item-price ">
                <span class="price-before-discount">
				</span>
                <strong class="price">5,90 Kč</strong>

            </p>
            <p class="product-item-unit">
                    (<strong class="price">236,00 Kč</strong> / kg)
            </p>
                        <div class="product-list-rating">
            </div>
<div id="snippet-productList-buy-11382-quantity">        <div class="product-quantity-control">
            <form action="/trvanlive/cerealie-a-musli" method="post" class="ajax" id="frm-productList-buy-11382-quantityForm">
                <input type="text" name="quantity" size="3" id="frm-productList-buy-11382-quantityForm-quantity" data-nette-rules='[{"op":":integer","msg":"Množství musí být číslo."}]' value="1" aria-label="počet k přidání">
                <input type="submit" name="_submit" value="Přidat" class="product-quantity-control-submit plus" aria-label="přidat počet do košíku">
            <input type="hidden" name="do" value="productList-buy-11382-quantityForm-submit"><!--[if IE]><input type=IEbug disabled style="display:none"><![endif]-->
</form>

        </div>
</div>
                <p class="product-incart-info accessible">Produkt nemáte v košíku</p>


        </div>

        
    </div>
    <div id="product-append-840" class="product-item">
        <div class="product-item-flags">
        </div>
        <div class="product-item-image">
                <a data-href="/trvanlive/cerealie-a-musli?productList-id=840&amp;do=productList-modal"
                   data-target="productList-productModal"
                   data-product-id="840"
                   data-product-price="8.9"
                   data-page-title="Fit Müsli tyčinka oříšková 30g"
                   data-page-path="/produkt/840-fit-musli-tycinka-oriskova-30g"
                   data-user-id=""
                   aria-hidden="true"
                   data-kosikmodal-onclose="onProductModalDestroy"
                   onclick="kosikAjax.click(this, initModalCarousel(this))">
                    <img src="https://cdn.kosik.cz/content/product/jpg/list/placeholder.jpg" data-src="https://cdn.kosik.cz/content/product/jpg/list/905.jpg" alt="Fit Müsli tyčinka oříšková 30g" class="loading-images loading-image">
                </a>




        </div>
                <div class="product-item-info">
                <h5><a href="javascript:void(0)" aria-label="Fit Müsli tyčinka oříšková 30g" data-href="/trvanlive/cerealie-a-musli?productList-id=840&amp;do=productList-modal" class="product-name modal-link"
                   data-target="productList-productModal" onclick="kosikAjax.click(this, initModalCarousel(this))">
                    Fit Müsli tyčinka oříšková 30g
                    
                </a></h5>
            <p class="product-item-price ">
                <span class="price-before-discount">
				</span>
                <strong class="price">8,90 Kč</strong>

            </p>
            <p class="product-item-unit">
                    (<strong class="price">296,70 Kč</strong> / kg)
            </p>
                        <div class="product-list-rating">
            </div>
<div id="snippet-productList-buy-840-quantity">        <div class="product-quantity-control">
            <form action="/trvanlive/cerealie-a-musli" method="post" class="ajax" id="frm-productList-buy-840-quantityForm">
                <input type="text" name="quantity" size="3" id="frm-productList-buy-840-quantityForm-quantity" data-nette-rules='[{"op":":integer","msg":"Množství musí být číslo."}]' value="1" aria-label="počet k přidání">
                <input type="submit" name="_submit" value="Přidat" class="product-quantity-control-submit plus" aria-label="přidat počet do košíku">
            <input type="hidden" name="do" value="productList-buy-840-quantityForm-submit"><!--[if IE]><input type=IEbug disabled style="display:none"><![endif]-->
</form>

        </div>
</div>
                <p class="product-incart-info accessible">Produkt nemáte v košíku</p>


        </div>

        
    </div>
    <div id="product-append-17372" class="product-item">
        <div class="product-item-flags">
        </div>
        <div class="product-item-image">
                <a data-href="/trvanlive/cerealie-a-musli?productList-id=17372&amp;do=productList-modal"
                   data-target="productList-productModal"
                   data-product-id="17372"
                   data-product-price="9.9"
                   data-page-title="Fit Müsli tyčinka meruňková v jogurtu 35g"
                   data-page-path="/produkt/17372-fit-musli-tycinka-merunkova-v-jogurtu-35g"
                   data-user-id=""
                   aria-hidden="true"
                   data-kosikmodal-onclose="onProductModalDestroy"
                   onclick="kosikAjax.click(this, initModalCarousel(this))">
                    <img src="https://cdn.kosik.cz/content/product/jpg/list/placeholder.jpg" data-src="https://cdn.kosik.cz/content/product/jpg/list/34649.jpg" alt="Fit Müsli tyčinka meruňková v jogurtu 35g" class="loading-images loading-image">
                </a>




        </div>
                <div class="product-item-info">
                <h5><a href="javascript:void(0)" aria-label="Fit Müsli tyčinka meruňková v jogurtu 35g" data-href="/trvanlive/cerealie-a-musli?productList-id=17372&amp;do=productList-modal" class="product-name modal-link"
                   data-target="productList-productModal" onclick="kosikAjax.click(this, initModalCarousel(this))">
                    Fit Müsli tyčinka meruňková v jogurtu 35g
                    
                </a></h5>
            <p class="product-item-price ">
                <span class="price-before-discount">
				</span>
                <strong class="price">9,90 Kč</strong>

            </p>
            <p class="product-item-unit">
                    (<strong class="price">282,90 Kč</strong> / kg)
            </p>
                        <div class="product-list-rating">
            </div>
<div id="snippet-productList-buy-17372-quantity">        <div class="product-quantity-control">
            <form action="/trvanlive/cerealie-a-musli" method="post" class="ajax" id="frm-productList-buy-17372-quantityForm">
                <input type="text" name="quantity" size="3" id="frm-productList-buy-17372-quantityForm-quantity" data-nette-rules='[{"op":":integer","msg":"Množství musí být číslo."}]' value="1" aria-label="počet k přidání">
                <input type="submit" name="_submit" value="Přidat" class="product-quantity-control-submit plus" aria-label="přidat počet do košíku">
            <input type="hidden" name="do" value="productList-buy-17372-quantityForm-submit"><!--[if IE]><input type=IEbug disabled style="display:none"><![endif]-->
</form>

        </div>
</div>
                <p class="product-incart-info accessible">Produkt nemáte v košíku</p>


        </div>

        
    </div>
    <div id="product-append-40543" class="product-item">
        <div class="product-item-flags">
        </div>
        <div class="product-item-image">
                <a data-href="/trvanlive/cerealie-a-musli?productList-id=40543&amp;do=productList-modal"
                   data-target="productList-productModal"
                   data-product-id="40543"
                   data-product-price="13.9"
                   data-page-title="Opavia Bebe Dobré ráno naměkko s kousky čokolády 50g"
                   data-page-path="/produkt/40543-opavia-bebe-dobre-rano-namekko-s-kousky-cokolady-50g"
                   data-user-id=""
                   aria-hidden="true"
                   data-kosikmodal-onclose="onProductModalDestroy"
                   onclick="kosikAjax.click(this, initModalCarousel(this))">
                    <img src="https://cdn.kosik.cz/content/product/jpg/list/placeholder.jpg" data-src="https://cdn.kosik.cz/content/product/jpg/list/58260.jpg" alt="Opavia Bebe Dobré ráno naměkko s kousky čokolády 50g" class="loading-images loading-image">
                </a>




        </div>
                <div class="product-item-info">
                <h5><a href="javascript:void(0)" aria-label="Opavia Bebe Dobré ráno naměkko s kousky čokolády 50g" data-href="/trvanlive/cerealie-a-musli?productList-id=40543&amp;do=productList-modal" class="product-name modal-link"
                   data-target="productList-productModal" onclick="kosikAjax.click(this, initModalCarousel(this))">
                    Opavia Bebe Dobré ráno naměkko s kousky čokolády 50g
                    
                </a></h5>
            <p class="product-item-price ">
                <span class="price-before-discount">
				</span>
                <strong class="price">13,90 Kč</strong>

            </p>
            <p class="product-item-unit">
                    (<strong class="price">278,00 Kč</strong> / kg)
            </p>
                        <div class="product-list-rating">
            </div>
<div id="snippet-productList-buy-40543-quantity">        <div class="product-quantity-control">
            <form action="/trvanlive/cerealie-a-musli" method="post" class="ajax" id="frm-productList-buy-40543-quantityForm">
                <input type="text" name="quantity" size="3" id="frm-productList-buy-40543-quantityForm-quantity" data-nette-rules='[{"op":":integer","msg":"Množství musí být číslo."}]' value="1" aria-label="počet k přidání">
                <input type="submit" name="_submit" value="Přidat" class="product-quantity-control-submit plus" aria-label="přidat počet do košíku">
            <input type="hidden" name="do" value="productList-buy-40543-quantityForm-submit"><!--[if IE]><input type=IEbug disabled style="display:none"><![endif]-->
</form>

        </div>
</div>
                <p class="product-incart-info accessible">Produkt nemáte v košíku</p>


        </div>

        
    </div>
    <div id="product-append-11383" class="product-item">
        <div class="product-item-flags">
        </div>
        <div class="product-item-image">
                <a data-href="/trvanlive/cerealie-a-musli?productList-id=11383&amp;do=productList-modal"
                   data-target="productList-productModal"
                   data-product-id="11383"
                   data-product-price="5.9"
                   data-page-title="Fly Musli tyčinka malina s jogurtem 25g"
                   data-page-path="/produkt/11383-fly-musli-tycinka-malina-s-jogurtem-25g"
                   data-user-id=""
                   aria-hidden="true"
                   data-kosikmodal-onclose="onProductModalDestroy"
                   onclick="kosikAjax.click(this, initModalCarousel(this))">
                    <img src="https://cdn.kosik.cz/content/product/jpg/list/placeholder.jpg" data-src="https://cdn.kosik.cz/content/product/jpg/list/28929.jpg" alt="Fly Musli tyčinka malina s jogurtem 25g" class="loading-images loading-image">
                </a>




        </div>
                <div class="product-item-info">
                <h5><a href="javascript:void(0)" aria-label="Fly Musli tyčinka malina s jogurtem 25g" data-href="/trvanlive/cerealie-a-musli?productList-id=11383&amp;do=productList-modal" class="product-name modal-link"
                   data-target="productList-productModal" onclick="kosikAjax.click(this, initModalCarousel(this))">
                    Fly Musli tyčinka malina s jogurtem 25g
                    
                </a></h5>
            <p class="product-item-price ">
                <span class="price-before-discount">
				</span>
                <strong class="price">5,90 Kč</strong>

            </p>
            <p class="product-item-unit">
                    (<strong class="price">236,00 Kč</strong> / kg)
            </p>
                        <div class="product-list-rating">
            </div>
<div id="snippet-productList-buy-11383-quantity">        <div class="product-quantity-control">
            <form action="/trvanlive/cerealie-a-musli" method="post" class="ajax" id="frm-productList-buy-11383-quantityForm">
                <input type="text" name="quantity" size="3" id="frm-productList-buy-11383-quantityForm-quantity" data-nette-rules='[{"op":":integer","msg":"Množství musí být číslo."}]' value="1" aria-label="počet k přidání">
                <input type="submit" name="_submit" value="Přidat" class="product-quantity-control-submit plus" aria-label="přidat počet do košíku">
            <input type="hidden" name="do" value="productList-buy-11383-quantityForm-submit"><!--[if IE]><input type=IEbug disabled style="display:none"><![endif]-->
</form>

        </div>
</div>
                <p class="product-incart-info accessible">Produkt nemáte v košíku</p>


        </div>

        
    </div>
    <div id="product-append-815" class="product-item">
        <div class="product-item-flags">
            <div class="flag-sale ">
                <span class="percents">30<small>&#37;</small></span>
            </div>
        </div>
        <div class="product-item-image">
                <a data-href="/trvanlive/cerealie-a-musli?productList-id=815&amp;do=productList-modal"
                   data-target="productList-productModal"
                   data-product-id="815"
                   data-product-price="85.9"
                   data-page-title="Emco Mysli na Zdraví Čokoláda a ořechy křupavé mysli 750g"
                   data-page-path="/produkt/815-emco-mysli-na-zdravi-cokolada-a-orechy-krupave-mysli-750g"
                   data-user-id=""
                   aria-hidden="true"
                   data-kosikmodal-onclose="onProductModalDestroy"
                   onclick="kosikAjax.click(this, initModalCarousel(this))">
                    <img src="https://cdn.kosik.cz/content/product/jpg/list/placeholder.jpg" data-src="https://cdn.kosik.cz/content/product/jpg/list/880.jpg" alt="Emco Mysli na Zdraví Čokoláda a ořechy křupavé mysli 750g" class="loading-images loading-image">
                </a>




        </div>
                <div class="product-item-info">
                <h5><a href="javascript:void(0)" aria-label="Emco Mysli na Zdraví Čokoláda a ořechy křupavé mysli 750g" data-href="/trvanlive/cerealie-a-musli?productList-id=815&amp;do=productList-modal" class="product-name modal-link"
                   data-target="productList-productModal" onclick="kosikAjax.click(this, initModalCarousel(this))">
                    Emco Mysli na Zdraví Čokoláda a ořechy křupavé mysli 750g
                    
                </a></h5>
            <p class="product-item-price product-in-discount">
                <span class="price-before-discount">
					<span><strong class="price">85,90 Kč</strong></span>
				</span>
                <strong class="price">59,90 Kč</strong>

            </p>
            <p class="product-item-unit">
                    (<strong class="price">79,90 Kč</strong> / kg)
            </p>
                        <div class="product-list-rating">
            </div>
<div id="snippet-productList-buy-815-quantity">        <div class="product-quantity-control">
            <form action="/trvanlive/cerealie-a-musli" method="post" class="ajax" id="frm-productList-buy-815-quantityForm">
                <input type="text" name="quantity" size="3" id="frm-productList-buy-815-quantityForm-quantity" data-nette-rules='[{"op":":integer","msg":"Množství musí být číslo."}]' value="1" aria-label="počet k přidání">
                <input type="submit" name="_submit" value="Přidat" class="product-quantity-control-submit plus" aria-label="přidat počet do košíku">
            <input type="hidden" name="do" value="productList-buy-815-quantityForm-submit"><!--[if IE]><input type=IEbug disabled style="display:none"><![endif]-->
</form>

        </div>
</div>
                <p class="product-incart-info accessible">Produkt nemáte v košíku</p>


        </div>

        
    </div>
    <div id="product-append-38414" class="product-item">
        <div class="product-item-flags">
        </div>
        <div class="product-item-image">
                <a data-href="/trvanlive/cerealie-a-musli?productList-id=38414&amp;do=productList-modal"
                   data-target="productList-productModal"
                   data-product-id="38414"
                   data-product-price="5.9"
                   data-page-title="Fly műsli tyčinka jahoda s jogurtem 25g"
                   data-page-path="/produkt/38414-fly-musli-tycinka-jahoda-s-jogurtem-25g"
                   data-user-id=""
                   aria-hidden="true"
                   data-kosikmodal-onclose="onProductModalDestroy"
                   onclick="kosikAjax.click(this, initModalCarousel(this))">
                    <img src="https://cdn.kosik.cz/content/product/jpg/list/placeholder.jpg" data-src="https://cdn.kosik.cz/content/product/jpg/list/56129.jpg" alt="Fly műsli tyčinka jahoda s jogurtem 25g" class="loading-images loading-image">
                </a>




        </div>
                <div class="product-item-info">
                <h5><a href="javascript:void(0)" aria-label="Fly műsli tyčinka jahoda s jogurtem 25g" data-href="/trvanlive/cerealie-a-musli?productList-id=38414&amp;do=productList-modal" class="product-name modal-link"
                   data-target="productList-productModal" onclick="kosikAjax.click(this, initModalCarousel(this))">
                    Fly műsli tyčinka jahoda s jogurtem 25g
                    
                </a></h5>
            <p class="product-item-price ">
                <span class="price-before-discount">
				</span>
                <strong class="price">5,90 Kč</strong>

            </p>
            <p class="product-item-unit">
                    (<strong class="price">236,00 Kč</strong> / Kg)
            </p>
                        <div class="product-list-rating">
            </div>
<div id="snippet-productList-buy-38414-quantity">        <div class="product-quantity-control">
            <form action="/trvanlive/cerealie-a-musli" method="post" class="ajax" id="frm-productList-buy-38414-quantityForm">
                <input type="text" name="quantity" size="3" id="frm-productList-buy-38414-quantityForm-quantity" data-nette-rules='[{"op":":integer","msg":"Množství musí být číslo."}]' value="1" aria-label="počet k přidání">
                <input type="submit" name="_submit" value="Přidat" class="product-quantity-control-submit plus" aria-label="přidat počet do košíku">
            <input type="hidden" name="do" value="productList-buy-38414-quantityForm-submit"><!--[if IE]><input type=IEbug disabled style="display:none"><![endif]-->
</form>

        </div>
</div>
                <p class="product-incart-info accessible">Produkt nemáte v košíku</p>


        </div>

        
    </div>
    <div id="product-append-817" class="product-item">
        <div class="product-item-flags">
            <div class="flag-sale ">
                <span class="percents">30<small>&#37;</small></span>
            </div>
        </div>
        <div class="product-item-image">
                <a data-href="/trvanlive/cerealie-a-musli?productList-id=817&amp;do=productList-modal"
                   data-target="productList-productModal"
                   data-product-id="817"
                   data-product-price="85.9"
                   data-page-title="Emco Mysli na Zdraví Jahody a mandle křupavé mysli 750g"
                   data-page-path="/produkt/817-emco-mysli-na-zdravi-jahody-a-mandle-krupave-mysli-750g"
                   data-user-id=""
                   aria-hidden="true"
                   data-kosikmodal-onclose="onProductModalDestroy"
                   onclick="kosikAjax.click(this, initModalCarousel(this))">
                    <img src="https://cdn.kosik.cz/content/product/jpg/list/placeholder.jpg" data-src="https://cdn.kosik.cz/content/product/jpg/list/882.jpg" alt="Emco Mysli na Zdraví Jahody a mandle křupavé mysli 750g" class="loading-images loading-image">
                </a>




        </div>
                <div class="product-item-info">
                <h5><a href="javascript:void(0)" aria-label="Emco Mysli na Zdraví Jahody a mandle křupavé mysli 750g" data-href="/trvanlive/cerealie-a-musli?productList-id=817&amp;do=productList-modal" class="product-name modal-link"
                   data-target="productList-productModal" onclick="kosikAjax.click(this, initModalCarousel(this))">
                    Emco Mysli na Zdraví Jahody a mandle křupavé mysli 750g
                    
                </a></h5>
            <p class="product-item-price product-in-discount">
                <span class="price-before-discount">
					<span><strong class="price">85,90 Kč</strong></span>
				</span>
                <strong class="price">59,90 Kč</strong>

            </p>
            <p class="product-item-unit">
                    (<strong class="price">79,90 Kč</strong> / kg)
            </p>
                        <div class="product-list-rating">
            </div>
<div id="snippet-productList-buy-817-quantity">        <div class="product-quantity-control">
            <form action="/trvanlive/cerealie-a-musli" method="post" class="ajax" id="frm-productList-buy-817-quantityForm">
                <input type="text" name="quantity" size="3" id="frm-productList-buy-817-quantityForm-quantity" data-nette-rules='[{"op":":integer","msg":"Množství musí být číslo."}]' value="1" aria-label="počet k přidání">
                <input type="submit" name="_submit" value="Přidat" class="product-quantity-control-submit plus" aria-label="přidat počet do košíku">
            <input type="hidden" name="do" value="productList-buy-817-quantityForm-submit"><!--[if IE]><input type=IEbug disabled style="display:none"><![endif]-->
</form>

        </div>
</div>
                <p class="product-incart-info accessible">Produkt nemáte v košíku</p>


        </div>

        
    </div>
    <div id="product-append-11384" class="product-item">
        <div class="product-item-flags">
        </div>
        <div class="product-item-image">
                <a data-href="/trvanlive/cerealie-a-musli?productList-id=11384&amp;do=productList-modal"
                   data-target="productList-productModal"
                   data-product-id="11384"
                   data-product-price="5.9"
                   data-page-title="Fly Musli tyčinka meruňka s jogurtem 25g"
                   data-page-path="/produkt/11384-fly-musli-tycinka-merunka-s-jogurtem-25g"
                   data-user-id=""
                   aria-hidden="true"
                   data-kosikmodal-onclose="onProductModalDestroy"
                   onclick="kosikAjax.click(this, initModalCarousel(this))">
                    <img src="https://cdn.kosik.cz/content/product/jpg/list/placeholder.jpg" data-src="https://cdn.kosik.cz/content/product/jpg/list/28930.jpg" alt="Fly Musli tyčinka meruňka s jogurtem 25g" class="loading-images loading-image">
                </a>




        </div>
                <div class="product-item-info">
                <h5><a href="javascript:void(0)" aria-label="Fly Musli tyčinka meruňka s jogurtem 25g" data-href="/trvanlive/cerealie-a-musli?productList-id=11384&amp;do=productList-modal" class="product-name modal-link"
                   data-target="productList-productModal" onclick="kosikAjax.click(this, initModalCarousel(this))">
                    Fly Musli tyčinka meruňka s jogurtem 25g
                    
                </a></h5>
            <p class="product-item-price ">
                <span class="price-before-discount">
				</span>
                <strong class="price">5,90 Kč</strong>

            </p>
            <p class="product-item-unit">
                    (<strong class="price">236,00 Kč</strong> / kg)
            </p>
                        <div class="product-list-rating">
            </div>
<div id="snippet-productList-buy-11384-quantity">        <div class="product-quantity-control">
            <form action="/trvanlive/cerealie-a-musli" method="post" class="ajax" id="frm-productList-buy-11384-quantityForm">
                <input type="text" name="quantity" size="3" id="frm-productList-buy-11384-quantityForm-quantity" data-nette-rules='[{"op":":integer","msg":"Množství musí být číslo."}]' value="1" aria-label="počet k přidání">
                <input type="submit" name="_submit" value="Přidat" class="product-quantity-control-submit plus" aria-label="přidat počet do košíku">
            <input type="hidden" name="do" value="productList-buy-11384-quantityForm-submit"><!--[if IE]><input type=IEbug disabled style="display:none"><![endif]-->
</form>

        </div>
</div>
                <p class="product-incart-info accessible">Produkt nemáte v košíku</p>


        </div>

        
    </div>
    <div id="product-append-836" class="product-item">
        <div class="product-item-flags">
        </div>
        <div class="product-item-image">
                <a data-href="/trvanlive/cerealie-a-musli?productList-id=836&amp;do=productList-modal"
                   data-target="productList-productModal"
                   data-product-id="836"
                   data-product-price="13.9"
                   data-page-title="Emco Oříšková tyčinka - med 35g"
                   data-page-path="/produkt/836-emco-oriskova-tycinka-med-35g"
                   data-user-id=""
                   aria-hidden="true"
                   data-kosikmodal-onclose="onProductModalDestroy"
                   onclick="kosikAjax.click(this, initModalCarousel(this))">
                    <img src="https://cdn.kosik.cz/content/product/jpg/list/placeholder.jpg" data-src="https://cdn.kosik.cz/content/product/jpg/list/901.jpg" alt="Emco Oříšková tyčinka - med 35g" class="loading-images loading-image">
                </a>




        </div>
                <div class="product-item-info">
                <h5><a href="javascript:void(0)" aria-label="Emco Oříšková tyčinka - med 35g" data-href="/trvanlive/cerealie-a-musli?productList-id=836&amp;do=productList-modal" class="product-name modal-link"
                   data-target="productList-productModal" onclick="kosikAjax.click(this, initModalCarousel(this))">
                    Emco Oříšková tyčinka - med 35g
                    
                </a></h5>
            <p class="product-item-price ">
                <span class="price-before-discount">
				</span>
                <strong class="price">13,90 Kč</strong>

            </p>
            <p class="product-item-unit">
                    (<strong class="price">397,10 Kč</strong> / kg)
            </p>
                        <div class="product-list-rating">
            </div>
<div id="snippet-productList-buy-836-quantity">        <div class="product-quantity-control">
            <form action="/trvanlive/cerealie-a-musli" method="post" class="ajax" id="frm-productList-buy-836-quantityForm">
                <input type="text" name="quantity" size="3" id="frm-productList-buy-836-quantityForm-quantity" data-nette-rules='[{"op":":integer","msg":"Množství musí být číslo."}]' value="1" aria-label="počet k přidání">
                <input type="submit" name="_submit" value="Přidat" class="product-quantity-control-submit plus" aria-label="přidat počet do košíku">
            <input type="hidden" name="do" value="productList-buy-836-quantityForm-submit"><!--[if IE]><input type=IEbug disabled style="display:none"><![endif]-->
</form>

        </div>
</div>
                <p class="product-incart-info accessible">Produkt nemáte v košíku</p>


        </div>

        
    </div>
    <div id="product-append-807" class="product-item">
        <div class="product-item-flags">
        </div>
        <div class="product-item-image">
                <a data-href="/trvanlive/cerealie-a-musli?productList-id=807&amp;do=productList-modal"
                   data-target="productList-productModal"
                   data-product-id="807"
                   data-product-price="34.9"
                   data-page-title="Bona Vita Kukuřičné lupínky 375g"
                   data-page-path="/produkt/807-bona-vita-kukuricne-lupinky-375g"
                   data-user-id=""
                   aria-hidden="true"
                   data-kosikmodal-onclose="onProductModalDestroy"
                   onclick="kosikAjax.click(this, initModalCarousel(this))">
                    <img src="https://cdn.kosik.cz/content/product/jpg/list/placeholder.jpg" data-src="https://cdn.kosik.cz/content/product/jpg/list/872.jpg" alt="Bona Vita Kukuřičné lupínky 375g" class="loading-images loading-image">
                </a>




        </div>
                <div class="product-item-info">
                <h5><a href="javascript:void(0)" aria-label="Bona Vita Kukuřičné lupínky 375g" data-href="/trvanlive/cerealie-a-musli?productList-id=807&amp;do=productList-modal" class="product-name modal-link"
                   data-target="productList-productModal" onclick="kosikAjax.click(this, initModalCarousel(this))">
                    Bona Vita Kukuřičné lupínky 375g
                    
                </a></h5>
            <p class="product-item-price ">
                <span class="price-before-discount">
				</span>
                <strong class="price">34,90 Kč</strong>

            </p>
            <p class="product-item-unit">
                    (<strong class="price">93,10 Kč</strong> / kg)
            </p>
                        <div class="product-list-rating">
            </div>
<div id="snippet-productList-buy-807-quantity">        <div class="product-quantity-control">
            <form action="/trvanlive/cerealie-a-musli" method="post" class="ajax" id="frm-productList-buy-807-quantityForm">
                <input type="text" name="quantity" size="3" id="frm-productList-buy-807-quantityForm-quantity" data-nette-rules='[{"op":":integer","msg":"Množství musí být číslo."}]' value="1" aria-label="počet k přidání">
                <input type="submit" name="_submit" value="Přidat" class="product-quantity-control-submit plus" aria-label="přidat počet do košíku">
            <input type="hidden" name="do" value="productList-buy-807-quantityForm-submit"><!--[if IE]><input type=IEbug disabled style="display:none"><![endif]-->
</form>

        </div>
</div>
                <p class="product-incart-info accessible">Produkt nemáte v košíku</p>


        </div>

        
    </div>
    <div id="product-append-797" class="product-item">
        <div class="product-item-flags">
        </div>
        <div class="product-item-image">
                <a data-href="/trvanlive/cerealie-a-musli?productList-id=797&amp;do=productList-modal"
                   data-target="productList-productModal"
                   data-product-id="797"
                   data-product-price="62.9"
                   data-page-title="Opavia BeBe Dobré ráno mini kakaové cereální sušenky s čokoládovými pecičkami 300g"
                   data-page-path="/produkt/797-opavia-bebe-dobre-rano-mini-kakaove-cerealni-susenky-s-cokoladovymi-pecickami-300g"
                   data-user-id=""
                   aria-hidden="true"
                   data-kosikmodal-onclose="onProductModalDestroy"
                   onclick="kosikAjax.click(this, initModalCarousel(this))">
                    <img src="https://cdn.kosik.cz/content/product/jpg/list/placeholder.jpg" data-src="https://cdn.kosik.cz/content/product/jpg/list/861.jpg" alt="Opavia BeBe Dobré ráno mini kakaové cereální sušenky s čokoládovými pecičkami 300g" class="loading-images loading-image">
                </a>




        </div>
                <div class="product-item-info">
                <h5><a href="javascript:void(0)" aria-label="Opavia BeBe Dobré ráno mini kakaové cereální sušenky s čokoládovými pecičkami 300g" data-href="/trvanlive/cerealie-a-musli?productList-id=797&amp;do=productList-modal" class="product-name modal-link"
                   data-target="productList-productModal" onclick="kosikAjax.click(this, initModalCarousel(this))">
                    Opavia BeBe Dobré ráno mini kakaové cereální sušenky s čokoládovými pecičkami 300g
                    
                </a></h5>
            <p class="product-item-price ">
                <span class="price-before-discount">
				</span>
                <strong class="price">62,90 Kč</strong>

            </p>
            <p class="product-item-unit">
                    (<strong class="price">209,70 Kč</strong> / kg)
            </p>
                        <div class="product-list-rating">
            </div>
<div id="snippet-productList-buy-797-quantity">        <div class="product-quantity-control">
            <form action="/trvanlive/cerealie-a-musli" method="post" class="ajax" id="frm-productList-buy-797-quantityForm">
                <input type="text" name="quantity" size="3" id="frm-productList-buy-797-quantityForm-quantity" data-nette-rules='[{"op":":integer","msg":"Množství musí být číslo."}]' value="1" aria-label="počet k přidání">
                <input type="submit" name="_submit" value="Přidat" class="product-quantity-control-submit plus" aria-label="přidat počet do košíku">
            <input type="hidden" name="do" value="productList-buy-797-quantityForm-submit"><!--[if IE]><input type=IEbug disabled style="display:none"><![endif]-->
</form>

        </div>
</div>
                <p class="product-incart-info accessible">Produkt nemáte v košíku</p>


        </div>

        
    </div>
    <div id="product-append-16681" class="product-item">
        <div class="product-item-flags">
        </div>
        <div class="product-item-image">
                <a data-href="/trvanlive/cerealie-a-musli?productList-id=16681&amp;do=productList-modal"
                   data-target="productList-productModal"
                   data-product-id="16681"
                   data-product-price="19.9"
                   data-page-title="Emco Tyčinka 100% ovoce jahoda 30g"
                   data-page-path="/produkt/16681-emco-tycinka-100-ovoce-jahoda-30g"
                   data-user-id=""
                   aria-hidden="true"
                   data-kosikmodal-onclose="onProductModalDestroy"
                   onclick="kosikAjax.click(this, initModalCarousel(this))">
                    <img src="https://cdn.kosik.cz/content/product/jpg/list/placeholder.jpg" data-src="https://cdn.kosik.cz/content/product/jpg/list/33949.jpg" alt="Emco Tyčinka 100% ovoce jahoda 30g" class="loading-images loading-image">
                </a>




        </div>
                <div class="product-item-info">
                <h5><a href="javascript:void(0)" aria-label="Emco Tyčinka 100% ovoce jahoda 30g" data-href="/trvanlive/cerealie-a-musli?productList-id=16681&amp;do=productList-modal" class="product-name modal-link"
                   data-target="productList-productModal" onclick="kosikAjax.click(this, initModalCarousel(this))">
                    Emco Tyčinka 100% ovoce jahoda 30g
                    
                </a></h5>
            <p class="product-item-price ">
                <span class="price-before-discount">
				</span>
                <strong class="price">19,90 Kč</strong>

            </p>
            <p class="product-item-unit">
                    (<strong class="price">663,30 Kč</strong> / kg)
            </p>
                        <div class="product-list-rating">
            </div>
<div id="snippet-productList-buy-16681-quantity">        <div class="product-quantity-control">
            <form action="/trvanlive/cerealie-a-musli" method="post" class="ajax" id="frm-productList-buy-16681-quantityForm">
                <input type="text" name="quantity" size="3" id="frm-productList-buy-16681-quantityForm-quantity" data-nette-rules='[{"op":":integer","msg":"Množství musí být číslo."}]' value="1" aria-label="počet k přidání">
                <input type="submit" name="_submit" value="Přidat" class="product-quantity-control-submit plus" aria-label="přidat počet do košíku">
            <input type="hidden" name="do" value="productList-buy-16681-quantityForm-submit"><!--[if IE]><input type=IEbug disabled style="display:none"><![endif]-->
</form>

        </div>
</div>
                <p class="product-incart-info accessible">Produkt nemáte v košíku</p>


        </div>

        
    </div>
    <div id="product-append-837" class="product-item">
        <div class="product-item-flags">
        </div>
        <div class="product-item-image">
                <a data-href="/trvanlive/cerealie-a-musli?productList-id=837&amp;do=productList-modal"
                   data-target="productList-productModal"
                   data-product-id="837"
                   data-product-price="13.9"
                   data-page-title="Emco Tyčinka oříšková - kešu 35g"
                   data-page-path="/produkt/837-emco-tycinka-oriskova-kesu-35g"
                   data-user-id=""
                   aria-hidden="true"
                   data-kosikmodal-onclose="onProductModalDestroy"
                   onclick="kosikAjax.click(this, initModalCarousel(this))">
                    <img src="https://cdn.kosik.cz/content/product/jpg/list/placeholder.jpg" data-src="https://cdn.kosik.cz/content/product/jpg/list/902.jpg" alt="Emco Tyčinka oříšková - kešu 35g" class="loading-images loading-image">
                </a>




        </div>
                <div class="product-item-info">
                <h5><a href="javascript:void(0)" aria-label="Emco Tyčinka oříšková - kešu 35g" data-href="/trvanlive/cerealie-a-musli?productList-id=837&amp;do=productList-modal" class="product-name modal-link"
                   data-target="productList-productModal" onclick="kosikAjax.click(this, initModalCarousel(this))">
                    Emco Tyčinka oříšková - kešu 35g
                    
                </a></h5>
            <p class="product-item-price ">
                <span class="price-before-discount">
				</span>
                <strong class="price">13,90 Kč</strong>

            </p>
            <p class="product-item-unit">
                    (<strong class="price">397,10 Kč</strong> / kg)
            </p>
                        <div class="product-list-rating">
            </div>
<div id="snippet-productList-buy-837-quantity">        <div class="product-quantity-control">
            <form action="/trvanlive/cerealie-a-musli" method="post" class="ajax" id="frm-productList-buy-837-quantityForm">
                <input type="text" name="quantity" size="3" id="frm-productList-buy-837-quantityForm-quantity" data-nette-rules='[{"op":":integer","msg":"Množství musí být číslo."}]' value="1" aria-label="počet k přidání">
                <input type="submit" name="_submit" value="Přidat" class="product-quantity-control-submit plus" aria-label="přidat počet do košíku">
            <input type="hidden" name="do" value="productList-buy-837-quantityForm-submit"><!--[if IE]><input type=IEbug disabled style="display:none"><![endif]-->
</form>

        </div>
</div>
                <p class="product-incart-info accessible">Produkt nemáte v košíku</p>


        </div>

        
    </div>
    <div id="product-append-40541" class="product-item">
        <div class="product-item-flags">
        </div>
        <div class="product-item-image">
                <a data-href="/trvanlive/cerealie-a-musli?productList-id=40541&amp;do=productList-modal"
                   data-target="productList-productModal"
                   data-product-id="40541"
                   data-product-price="13.9"
                   data-page-title="Opavia Bebe Dobré ráno naměkko cereální 50g"
                   data-page-path="/produkt/40541-opavia-bebe-dobre-rano-namekko-cerealni-50g"
                   data-user-id=""
                   aria-hidden="true"
                   data-kosikmodal-onclose="onProductModalDestroy"
                   onclick="kosikAjax.click(this, initModalCarousel(this))">
                    <img src="https://cdn.kosik.cz/content/product/jpg/list/placeholder.jpg" data-src="https://cdn.kosik.cz/content/product/jpg/list/58258.jpg" alt="Opavia Bebe Dobré ráno naměkko cereální 50g" class="loading-images loading-image">
                </a>




        </div>
                <div class="product-item-info">
                <h5><a href="javascript:void(0)" aria-label="Opavia Bebe Dobré ráno naměkko cereální 50g" data-href="/trvanlive/cerealie-a-musli?productList-id=40541&amp;do=productList-modal" class="product-name modal-link"
                   data-target="productList-productModal" onclick="kosikAjax.click(this, initModalCarousel(this))">
                    Opavia Bebe Dobré ráno naměkko cereální 50g
                    
                </a></h5>
            <p class="product-item-price ">
                <span class="price-before-discount">
				</span>
                <strong class="price">13,90 Kč</strong>

            </p>
            <p class="product-item-unit">
                    (<strong class="price">278,00 Kč</strong> / kg)
            </p>
                        <div class="product-list-rating">
            </div>
<div id="snippet-productList-buy-40541-quantity">        <div class="product-quantity-control">
            <form action="/trvanlive/cerealie-a-musli" method="post" class="ajax" id="frm-productList-buy-40541-quantityForm">
                <input type="text" name="quantity" size="3" id="frm-productList-buy-40541-quantityForm-quantity" data-nette-rules='[{"op":":integer","msg":"Množství musí být číslo."}]' value="1" aria-label="počet k přidání">
                <input type="submit" name="_submit" value="Přidat" class="product-quantity-control-submit plus" aria-label="přidat počet do košíku">
            <input type="hidden" name="do" value="productList-buy-40541-quantityForm-submit"><!--[if IE]><input type=IEbug disabled style="display:none"><![endif]-->
</form>

        </div>
</div>
                <p class="product-incart-info accessible">Produkt nemáte v košíku</p>


        </div>

        
    </div>
</div>

<div class="kosik-modal-overlay product-modal" id="productList-productModal" role="dialog">
    <div class="kosik-modal-inner large super-scaled" id="snippet-productList-productModalArea">
    </div>
</div>


<div class="kosik-modal-overlay" id="productList-productSetModal" role="dialog">
    <div class="kosik-modal-inner large super-scaled" id="snippet-productList-productSetModalArea">
    </div>
</div>
				</div>
			</div>

		</div>

	</div>



		</div>


		<div class="zone-wrapper zone-postscript-wrapper clearfix" id="footer-fixing-element">
			<div class="zone zone-postscript clearfix">
				<h2 class="hp-brand-carousel-title" style="display: none">Oblíbené značky</h2>
				<div class="region region-brands-carousel">
					<div class="region-inner region-brands-carousel-inner">

												<div>
	<div class="company-box" style="filter: grayscale(100%)" onmouseover="this.style.WebkitFilter='grayscale(0%)'" onmouseout="this.style.WebkitFilter='grayscale(100%)'">
		<a href="/birell-botanicals" aria-label="Birell Botanicals">
			<img style="margin-top: 15%" src="/content/microsites/birell/logo.jpg" alt="Birell Botanicals" aria-hidden="true">
			<div class="company-text" aria-hidden="true">Birell Botanicals</div>
		</a>
	</div>
</div>
												<div>
	<div class="company-box" style="filter: grayscale(100%)" onmouseover="this.style.WebkitFilter='grayscale(0%)'" onmouseout="this.style.WebkitFilter='grayscale(100%)'">
		<a href="/brand/penam" aria-label="Penam">
			<img style="margin-top: 15%" src="https://cdn.kosik.cz/content/brand-logo/png/default/86.png" alt="Penam" aria-hidden="true">
			<div class="company-text" aria-hidden="true">Penam</div>
		</a>
	</div>
</div>
<div>
	<div class="company-box" style="filter: grayscale(100%)" onmouseover="this.style.WebkitFilter='grayscale(0%)'" onmouseout="this.style.WebkitFilter='grayscale(100%)'">
		<a href="/brand/madeta" aria-label="Madeta">
			<img style="margin-top: 15%" src="https://cdn.kosik.cz/content/brand-logo/png/default/101.png" alt="Madeta" aria-hidden="true">
			<div class="company-text" aria-hidden="true">Madeta</div>
		</a>
	</div>
</div>
<div>
	<div class="company-box" style="filter: grayscale(100%)" onmouseover="this.style.WebkitFilter='grayscale(0%)'" onmouseout="this.style.WebkitFilter='grayscale(100%)'">
		<a href="/brand/danone" aria-label="Danone">
			<img style="margin-top: 15%" src="https://cdn.kosik.cz/content/brand-logo/png/default/109.png" alt="Danone" aria-hidden="true">
			<div class="company-text" aria-hidden="true">Danone</div>
		</a>
	</div>
</div>
<div>
	<div class="company-box" style="filter: grayscale(100%)" onmouseover="this.style.WebkitFilter='grayscale(0%)'" onmouseout="this.style.WebkitFilter='grayscale(100%)'">
		<a href="/brand/dr-oetker" aria-label="Dr. Oetker">
			<img style="margin-top: 15%" src="https://cdn.kosik.cz/content/brand-logo/png/default/313.png" alt="Dr. Oetker" aria-hidden="true">
			<div class="company-text" aria-hidden="true">Dr. Oetker</div>
		</a>
	</div>
</div>
<div>
	<div class="company-box" style="filter: grayscale(100%)" onmouseover="this.style.WebkitFilter='grayscale(0%)'" onmouseout="this.style.WebkitFilter='grayscale(100%)'">
		<a href="/brand/pickwick" aria-label="Pickwick">
			<img style="margin-top: 15%" src="https://cdn.kosik.cz/content/brand-logo/png/default/357.png" alt="Pickwick" aria-hidden="true">
			<div class="company-text" aria-hidden="true">Pickwick</div>
		</a>
	</div>
</div>
<div>
	<div class="company-box" style="filter: grayscale(100%)" onmouseover="this.style.WebkitFilter='grayscale(0%)'" onmouseout="this.style.WebkitFilter='grayscale(100%)'">
		<a href="/brand/velkopopovicky-kozel" aria-label="Velkopopovický Kozel">
			<img style="margin-top: 15%" src="https://cdn.kosik.cz/content/brand-logo/png/default/448.png" alt="Velkopopovický Kozel" aria-hidden="true">
			<div class="company-text" aria-hidden="true">Velkopopovický Kozel</div>
		</a>
	</div>
</div>
<div>
	<div class="company-box" style="filter: grayscale(100%)" onmouseover="this.style.WebkitFilter='grayscale(0%)'" onmouseout="this.style.WebkitFilter='grayscale(100%)'">
		<a href="/brand/edeka" aria-label="Edeka">
			<img style="margin-top: 15%" src="https://cdn.kosik.cz/content/brand-logo/png/default/678.png" alt="Edeka" aria-hidden="true">
			<div class="company-text" aria-hidden="true">Edeka</div>
		</a>
	</div>
</div>

					</div>
				</div>
				<div class="region region-subscribe-box">
					<div class="region-inner region-subscribe-box-inner">
						<div class="block block-subscribe-box-logo">
							<a aria-hidden="true" href="/">
								<img src="/css/images/logo-white.svg" alt="Košík.cz">
							</a>
						</div>
						<div class="block block-subscribe-box-social">
							<a href="https://twitter.com/kosikcz" class="twitter" title="Twitter" aria-label="Twitter">
								<i class="fa fa-twitter" aria-hidden="true"></i>
							</a>
							<a href="https://www.facebook.com/kosikcz" title="Facebook" class="facebook" aria-label="Facebook">
								<i class="fa fa-facebook" aria-hidden="true"></i>
							</a>
							<a href="https://www.instagram.com/kosik.cz/" title="Instagram" class="instagram" aria-label="Instagram" >
								<i class="fa fa-instagram" aria-hidden="true"></i>
							</a>
						</div>

<div class="block block-subscribe-email" id="snippet-subscribeMailing-subscribeFormArea">
		<p>Novinky a akční nabídky</p>
		<form action="/trvanlive/cerealie-a-musli" method="post" class="ajax" id="frm-subscribeMailing-subscribe">
		<label for="frm-subscribeMailing-subscribe-email">Zadejte svůj e-mail</label>
		<input type="text" name="email" placeholder="Zadejte svůj e-mail" id="frm-subscribeMailing-subscribe-email" required data-nette-rules='[{"op":":filled","msg":"E-mail je povinný"},{"op":":email","msg":"E-mail nemá správný formát"}]'>
		<input type="submit" name="_submit" value="Přihlásit" class="subscribe-button button-simple button-green" aria-label="Přihlásit se k odběru novinek">
		<input type="hidden" name="do" value="subscribeMailing-subscribe-submit"><!--[if IE]><input type=IEbug disabled style="display:none"><![endif]-->
</form>

</div>
					</div>
				</div>

			</div>
		</div>

		<footer class="zone-wrapper zone-footer-wrapper clearfix" role="contentinfo">
			<div class="zone zone-footer clearfix">
				<h2 class="accessible">Patička</h2>
				<div class="region region-footer lighter-gray-bg">
					<div class="region-inner region-footer-inner">
						<div class="block block-footer-left">

	<ul>
		<li>
			<h4 class="footer-title">Nakupování</h4>
			<ul>
				<li>
					<a href="/pripravene-nakupy">Připravené nákupy</a>
				</li>
				<li>
					<a href="/pruvodce-nakupem">Průvodce nákupem</a>
				</li>
				<li>
					<a href="/produkty-v-akci">Produkty v akci</a>
				</li>
				<li>
					<a href="/brands">Značkové obchody</a>
				</li>
				<li>
					<a href="/doporucujeme">Doporučujeme</a>
				</li>
			</ul>
		</li>
	</ul>
	<ul>
		<li>
			<h4 class="footer-title">Společnost</h4>
			<ul>
				<li>
					<a href="/spolecnost/kontakt">Kontakt</a>
				</li>
				<li>
					<a href="/kariera">Kariéra</a>
				</li>
				<li>
					<a href="/spolecnost/obchodni-podminky">Obchodní podmínky</a>
				</li>
				<li>
					<a href="/spolecnost/zrusit-odber">Zrušit odběr akční nabídky</a>
				</li>
			</ul>
		</li>
	</ul>
	<ul>
		<li>
			<h4 class="footer-title">Zajímá vás</h4>
			<ul>
				<li>
					<a href="/zajima-vas/proc-vybrat-kosik">Proč vybrat Košík.cz?</a>
				</li>
				<li>
					<a href="/zajima-vas/caste-dotazy">Časté dotazy</a>
				</li>
				<li>
					<a href="/zajima-vas/spoluprace">Spolupráce</a>
				</li>
				<li>
					<a href="/vitejte">První nákup</a>
				</li>
			</ul>
		</li>
	</ul>
	<ul>
		<li>
			<h4 class="footer-title">Získejte</h4>
			<ul>
				<li>
					<a href="/informace-o-rozvozu-a-cenach">Informace o rozvozu a cenách</a>
				</li>
				<li>
					<a href="/garance-spokojenosti">Garance spokojenosti</a>
				</li>
			</ul>
		</li>
	</ul>
						</div>
						<div class="block block-footer-right">
							<a href="https://www.facebook.com/kosikcz" class="accessible">Facebook Košík.cz</a>
							<div class="fb-page" data-href="https://www.facebook.com/kosikcz" data-width="300"
								 data-height="200"
								 data-small-header="true" data-adapt-container-width="false" data-hide-cover="false"
								 data-show-facepile="true" data-show-posts="false" aria-hidden="true">
								<div class="fb-xfbml-parse-ignore">
									<blockquote cite="https://www.facebook.com/kosikcz"><a
												href="https://www.facebook.com/kosikcz">Facebook</a></blockquote>
								</div>
							</div>
						</div>
						<div class="clear"></div>
						<div class="block block-footer-services">
							<div class="service-contact">
								<div class="service-phone">
									<span class="circle"><i class="fa fa-phone" aria-label="Telefon"></i></span>
									<p>226 220 500 <span>Denně 7:00 až 22:00</span></p>
							</div>
								<div class="service-mail">
									<span class="circle"><i class="fa fa-envelope" aria-label="E-mail"></i></span>

									<p>zakaznici@kosik.cz <span>Vašim e-mailům se věnujeme 7 dní v týdnu.</span></p>
								</div>
							</div>
							<div class="service-payment">
									<div class="payment">
										<img src="/css/images/payment-1.png" alt="Bezpečná platba - 1">
									</div>
									<div class="payment">
										<img src="/css/images/payment-2.png" alt="Bezpečná platba - 2">
									</div>
									<div class="payment">
										<img src="/css/images/payment-3.png" alt="Bezpečná platba - 3">
									</div>
									<div class="payment">
										<img src="/css/images/payment-4.png" alt="Bezpečná platba - 4">
									</div>
									<div class="payment">
										<img src="/css/images/payment-5.png" alt="Bezpečná platba - 5">
									</div>
							</div>
						</div>
					</div>
				</div>
				<div class="region region-copyright">
					<div class="region-inner region-copyright-inner">
						<p>Copyright ©2017 &copy; Košík.cz. Všechna práva vyhrazena.</p>
												<!-- Facebook Pixel Code -->
						<script>
							!function (f, b, e, v, n, t, s){if(f.fbq)return;n=f.fbq=function(){n.callMethod?
				n.callMethod.apply(n,arguments):n.queue.push(arguments)};if(!f._fbq)f._fbq=n;
				n.push=n;n.loaded=!0;n.version='2.0';n.queue=[];t=b.createElement(e);t.async=!0;
				t.src=v;s=b.getElementsByTagName(e)[0];s.parentNode.insertBefore(t,s)}(window,
									document, 'script', '//connect.facebook.net/en_US/fbevents.js');
							fbq('init', '338087796401059');
							fbq('track', "PageView");</script>
						<noscript><img height="1" width="1" style="display:none"
									   src="https://www.facebook.com/tr?id=338087796401059&ev=PageView&noscript=1"
							></noscript>
						<!-- End Facebook Pixel Code -->
					</div>
				</div>
			</div>
		</footer>

				<section class="kosik-modal-overlay zero-padding" id="weighable-modal" role="dialog" tabindex="-1">
			<div class="kosik-modal-inner large  super-scaled">

				<a href="javascript:void(0)" aria-label="Zavřít dialog" class="kosik-modal-close"></a>

				<div class="region region-fullwidth-image">
					<div class="region-inner region-fullwidth-image-inner">
						<img src="/css/images/veg.jpg" alt="">
					</div>
				</div>
				<div class="region region-modal-content">
					<div class="region-inner region-modal-content-inner  align-center">
						<h1 class="title"><strong>Kolik u nás zaplatíte</strong> <span>za maso, ovoce a zeleninu?</span></h1>

						<div class="block block-steps">
							<div class="block-steps-inner">
								<div class="step">
																		<p class="step-text">Slovíčka „cca" se u nás bát nemusíte! Jde pouze o přibližný
										odhad ceny, <strong>ve finále vám naúčtujeme pouze reálnou váhu daného
											výrobku.</strong></p>
								</div>
								<div class="step">
																		<p class="step-text">Při platbě v hotovosti vás kurýr obeznámí s výslednou cenou.
										Při platbě kartou vám případný rozdíl bude vrácen zpět na váš účet.</p>
								</div>
								<div class="step">
																		<p class="step-text">Nikdy se však nebude jednat o rozdíl větší než 30% z ceny
										výrobku.</p>
								</div>
							</div>
						</div>
						<a class="button button-red green-button"
						   onclick="kosikModal.closeModal(document.getElementById('weighable-modal'))">Pokračovat v nákupu</a>
					</div>
				</div>

			</div>
		</section>




        <div class="kosik-modal-overlay" id="login-modal" role="dialog" tabindex="-1" aria-labelledby="login-modal-label">
            <div class="kosik-modal-inner medium super-scaled">
                <div class="login-modal-dialog-box">
<a href="javascript:void(0)" aria-label="Zavřít dialog" class="log-in-close-tag kosik-modal-close"></a>
<div class="login-modal" id="snippet-loginModal-signIn-singIN">
        <h2 id="login-modal-label">Přihlásit</h2>
        <form action="/trvanlive/cerealie-a-musli" method="post" id="frm-loginModal-signIn-signInForm">
            <div class="form-row">
                    <label for="frm-loginModal-signIn-signInForm-email">E-mailová adresa</label>
                <input type="text" name="email" maxlength="255" id="frm-loginModal-signIn-signInForm-email" required data-nette-rules='[{"op":":filled","msg":"Zadejte prosím svoji e-mailovou adresu."},{"op":":email","msg":"E-mailová adresa nemá správný formát."},{"op":":maxLength","msg":"Maximální délka e-mailové adresy je %length% znaků.","arg":255}]' class="form-control">
            </div>
            <div class="form-row">
                    <label for="frm-loginModal-signIn-signInForm-password">Heslo</label>
                <input type="password" name="password" id="frm-loginModal-signIn-signInForm-password" required data-nette-rules='[{"op":":filled","msg":"Zadejte prosím své heslo."}]' class="form-control">
            </div>
            <div class="form-row">
                <a class="ajax link-red" href="/trvanlive/cerealie-a-musli?do=loginModal-signIn-recovery">Zapomněli jste heslo?</a>
            </div>
            <div class="form-row">
                <input type="submit" name="send" value="Přihlásit" class="button button-red ajax">
            </div>
        <input type="hidden" name="do" value="loginModal-signIn-signInForm-submit"></form>

        <div class="form-row">
            <span class="row-delimiter">
                <b>nebo</b>
            </span>
        </div>
        <div class="form-row">
<a class="button button-facebook" data-href="true" href="/trvanlive/cerealie-a-musli?do=loginModal-signIn-facebook-fbLogin-open">Facebook přihlášení</a>        </div>
</div>
<div class="login-modal" id="snippet-loginModal-signUp-singUP">
    <h2>Registrovat</h2>
<div id="snippet-loginModal-signUp-register">        <form action="/trvanlive/cerealie-a-musli" method="post" id="frm-loginModal-signUp-signUpFormMain">
            <div class="form-row">
                    <label for="frm-loginModal-signUp-signUpFormMain-email">Registrační e-mail</label>
                <input type="text" name="email" maxlength="255" id="frm-loginModal-signUp-signUpFormMain-email" required data-nette-rules='[{"op":":filled","msg":"Zadejte prosím svou e-mailovou adresu."},{"op":":email","msg":"E-mailová adresa nemá správný formát."},{"op":":maxLength","msg":"Maximální délka e-mailové adresy je %length% znaků.","arg":255}]' class="form-control signup-email">
            </div>

            <div class="form-row">
                <a href="/zajima-vas/proc-vybrat-kosik" class="link-red">Proč se registrovat?</a>
            </div>
            <div class="form-row">
                <input type="submit" name="send" value="Registrovat" class="ajax button button-red">
            </div>
        <input type="hidden" name="do" value="loginModal-signUp-signUpFormMain-submit"><!--[if IE]><input type=IEbug disabled style="display:none"><![endif]-->
</form>

                                                <p class="benefits">
            <i class="fa fa-check"></i>
            <b>Garance</b> spokojenosti
        </p>
        <p class="benefits">
            <i class="fa fa-check"></i>
            <b>Doprava</b> zdarma
        </p>
</div></div>

<script async>
    $(".signup-email").on("focus", function() {
    	window.dataLayer = window.dataLayer || [];
	    window.dataLayer.push({
		    'event': 'ga.event',
		    'eCategory': 'User',
		    'eAction': 'Registration',
		    'eLabel': 'Start',
		    'eValue': 1,
		    'eNonInteractionHit': true,
		    'eventCallback' : function() {
			    window.dataLayer.push({
				    'eCategory': undefined,
				    'eAction': undefined,
				    'eLabel': undefined,
				    'eValue': undefined,
				    'eNonInteractionHit': false
			    });
		    }
	    });
    })
</script>
                </div>
            </div>
        </div>
    <div class="kosik-modal-overlay" id="product-set-add-modal" role="dialog" tabindex="-1">
        <div class="kosik-modal-inner medium super-scaled">
            <a href="javascript:void(0)" aria-label="Zavřít dialog" class="kosik-modal-close"></a>

				<div class="product-set-add-modal-overlay" id="snippet--productSetModalArea">
	<h3>Přidání na seznam</h3>
	<p align="center">Produkt byl přidán na nákupní seznam</p>
				</div>
			</div>
		</div>
	</div>

	<script type="text/javascript">
		$(document).ready(function () {
			$('.region-brands-carousel-inner').slick({
				dots: false,
				infinite: true,
				slidesToShow: 6,
				slidesToScroll: 6,
				responsive: [
					{
						breakpoint: 1025,
						settings: {
							slidesToShow: 5,
                            swipeToSlide: true
						}
					},
					{
						breakpoint: 769,
						settings: {
							slidesToShow: 4,
                            swipeToSlide: true
						}
					},
					{
						breakpoint: 559,
						settings: {
							slidesToShow: 3,
                            swipeToSlide: false,
                            slidesToScroll: 3,
						}
					},
					{
						breakpoint: 380,
						settings: {
							slidesToShow: 2,
                            swipeToSlide: false,
                            slidesToScroll: 2,
						}
					}
				]
			});
		});

	</script>
</div>        </div>
        <div class="flass-massege-box" id="snippet--flashes">
            <div class="flass-wrapper">
                <div class="flass-inner">
                </div>
            </div>

        </div>
        <script src="/js/kosik-slider.js"></script>
            <script type="text/javascript" async>
                var ua = navigator.userAgent.toLowerCase(),
                        platform = navigator.platform.toLowerCase();
                platformName = ua.match(/ip(?:ad|od|hone)/) ? 'ios' : (ua.match(/(?:webos|android)/) || platform.match(/mac|win|linux/) || ['other'])[0],
                        isMobile = /ios|android|webos/.test(platformName);
                if (!isMobile) {
                    <!-- Daktela Chat - START Body -->
                    var _daktelaChatInit = _daktelaChatInit || {};
                    _daktelaChatInit.server = 'https://digitalengines.daktela.com/';
                    _daktelaChatInit.accessToken = 'q3059750300809p3r611r01np2n63r7r';
                    _daktelaChatInit.queueName = '91001';
                    jQuery('head').append('<script type="text/javascript" charset="utf-8" src="'+
                    _daktelaChatInit.server+'external/chat/chat.v6.js" async><'+'/script>');
                    <!-- Daktela Chat - END Body -->
                }
            </script>
            <script async src="https://yottlyscript.com/script.js?tp=77"></script>

        <script src="/js/wNumb.js"></script>
        <script src="/js/nouislider.js"></script>
        <script src="/js/notification.js"></script>
        <script src="/js/slim.kickstart.min.js"></script>


		    </body>
</html>
