<!doctype html>
<html class="no-js" lang="cs">
    <head>
        <meta charset="utf-8">
        <title>
                Hotová jídla | Košík.cz
        </title>
        <meta name="description" content="">
        <meta name="viewport" content="width=device-width, initial-scale=1.0, minimum-scale=1.0, maximum-scale=1.0, user-scalable=0">
        <meta name="google-site-verification" content="D_TktPqmDVHPoqRO1IIcPVlm_ozerAa43QP0QcKATP0">
        <link rel="apple-touch-icon" href="/css/images/logo.png">
        <link rel="stylesheet" type="text/css" href="/css/slim.min.css">

<link rel="stylesheet" type="text/css" href="/webtemp/cssloader-6fe495a87813.css?1513959590">
<script type="text/javascript" src="/webtemp/jsloader-e4f5f7728c43.js?1511346204"></script>
<script type="text/javascript">
    function currentPageDataPush() {
	    window.dataLayer = window.dataLayer || [];
	    window.dataLayer.push({
		    'pageType': "category",
		    'pageCategory': ["Hotová jídla"],
		    'visitorLoginState': 'Anonymous',
			
	    });
    };
    currentPageDataPush();
</script>
<!-- Google Tag Manager -->
    <script>
        (
            function(w,d,s,l,i){
                w[l]=w[l]||[];
                w[l].push({'gtm.start':new Date().getTime(),event:'gtm.js'});
                var f=d.getElementsByTagName(s)[0],j=d.createElement(s),dl=l!='dataLayer'?'&l='+l:'';
                j.async=true;
                j.src='https://www.googletagmanager.com/gtm.js?id='+i+dl;
                f.parentNode.insertBefore(j,f);
            }
        )(window,document,'script','dataLayer',"GTM-MXLVZK");
    </script>
<!-- End Google Tag Manager -->        
                    </head>
    <body>
<!-- Google Tag Manager (noscript) -->
	<noscript><iframe src="https://www.googletagmanager.com/ns.html?id=GTM-MXLVZK" height="0" width="0" style="display:none;visibility:hidden"></iframe></noscript>
<!-- End Google Tag Manager (noscript) -->
	            <div id="fb-root"></div>
        <script async>(function (d, s, id) {
                var js, fjs = d.getElementsByTagName(s)[0];
                if (d.getElementById(id)) return;
                js = d.createElement(s);
                js.id = id;
                js.src = "//connect.facebook.net/en_US/sdk.js#xfbml=1&version=v2.4&appId=680354828760786";
                fjs.parentNode.insertBefore(js, fjs);
            }(document, 'script', 'facebook-jssdk'));
        </script>
        <div class="black-overlay"></div>
        <div id="kosik-modal-blur">
<div id="snippet--wholeContent">	<!--[if lt IE 8]>
	<p class="browserupgrade">You are using an <strong>outdated</strong> browser. Please <a
			href="http://browsehappy.com/">upgrade your browser</a> to improve your experience.</p>
	<![endif]-->
	<div class="body">
		<div id="skiptocontent">
						<button onclick='location.href = "#maincontent";'  class="skip-link" accesskey="o" tabindex="1" aria-label="Přejít na hlavní obsah (klávesa o)">Hlavní obsah [o]</button>
			<button onclick='location.href = "#big-menu";'  class="skip-link" accesskey="n" tabindex="1" href="" aria-label="Přejít na navigaci (klávesa n)">Přejít na navigaci [n]</button>
			<button onclick='location.href = "#frm-suggester-suggester-phrase";'  class="skip-link" accesskey="v" tabindex="1" aria-label="Přejít na vyhledání (klávesa v)">Přejít na vyhledání [v]</button>

				<button class="skip-link blur-modal-overlay kosik-modal-open log-out-icon" tabindex="1" data-target="login-modal" aria-label="Přihlásit se (nejste přihlášen)">Přihlásit se</button>
		</div>

		<header>
			<div class="zone-wrapper zone-header-wrapper clearfix">
<div id="snippet-cookiesAgreementControl-bar">    <div class="region region-cookie-message">
        <div class="region-inner region-cookie-message-inner">
            <span>Cookies nám pomáhají poskytovat lepší služby. Používáním/zobrazováním stránky vyjadřujete souhlas s jejich používáním a uchováváním.</span>
            <a class="btn-info ajax" aria-label="Souhlasím s používáním a uchováváním cookies" href="/hotova-jidla?do=cookiesAgreementControl-agree">Souhlasím</a>
        </div>
    </div>
</div>				<div class="zone zone-header clearfix">
					<div class="region region-header">
						<div class="region-inner region-header-inner">
							<div class="block block-logo">
								<a class="header-logo" href="/">
									<img src="/css/images/logo.svg" alt="logo Kosik.cz">
								</a>
							</div>
<script>
    $(document).ready(function(){
        var timeout;

		$('.block-suggester-container').on('click',function(e){

			e.stopPropagation();

        });

        $('.block-suggester-container .suggester input[type=text]').keyup(function(){
            var self = $(this);

            if(timeout) clearTimeout(timeout);

            timeout = setTimeout(function(){
                $.nette.ajax({
                    url: "https:\/\/www.kosik.cz\/hotova-jidla?do=suggester-suggest",
                    data: {
                        phrase: self.val()
                    }
                })
            }, 300);


        });

    });

    function gaPush(self, cat)
    {
        dataLayer.push({
            'event': 'ga.pageview',
            'pagePath': '/hledat?q='+$('#frm-suggester-suggester-phrase').val()+'&cat='+cat,
            'pageTitle': 'Našeptávač'
        });

        window.location = self.href;
    }
</script>
<div class="block block-suggester-container" role="search">
    <div class="suggester">
        <form action="/hotova-jidla" method="post" id="frm-suggester-suggester" aria-label="vyhledávání na košíku">
            <input type="text" name="phrase" autocomplete="off" placeholder="Vyhledávání" id="frm-suggester-suggester-phrase">
            <input type="submit" name="_submit" value="Hledat" class="button-simple button-red">
        <input type="hidden" name="do" value="suggester-suggester-submit"><!--[if IE]><input type=IEbug disabled style="display:none"><![endif]-->
</form>

    </div>
<div id="snippet-suggester-suggestionResult"></div></div>
<script type="text/javascript" async>
    var ShoppingList = {
        toggle: function () {
            basic.toggleClass(document.getElementById('shopping-list-overlay'), 'active')
        }
    };

    basic.documentReady(function () {

        var textArea = document.getElementById('frm-shoppingList-listForm-queries');

        if (textArea)
            textArea.setAttribute('placeholder', 'Například: \n\nMléko \nChléb \nVejce \nMaso \nRajče \n\n\nPro zadání klikněte do pole')
    });

</script>
<div class="block block-shopping-list" id="shopping-list-overlay">
    <a id="shopping-list" class="shopping-list button-simple button-red" onclick="ShoppingList.toggle()">Nákupní lístek</a>

    <div class="shopping-list-detail">
        <h5>Nákupní lístek</h5>

        <p>Napište hledané položky a klikněte na HLEDAT</p>
        <form action="/hotova-jidla" method="post" id="frm-checklist-listForm">
        <textarea name="queries" placeholder="Například:&amp;#13;&amp;#10;" id="frm-checklist-listForm-queries">Chléb
Nízkotučný jogurt
Vejce
Hladká mouka</textarea>
            <div class="shopping-list-buttons">
                <a href="#" class="link-red" onclick="document.getElementById('frm-checklist-listForm').submit();">Uložit lístek</a>
                <a onclick="ShoppingList.toggle()" class="link-red">Skrýt lístek</a>
                <input type="submit" name="_submit" value="Hledat" class="button button-red">
            </div>
        <input type="hidden" name="do" value="checklist-listForm-submit"><!--[if IE]><input type=IEbug disabled style="display:none"><![endif]-->
</form>

    </div>
</div>
                        <div class="block block-user-session">

							<div class="user-session-group">
									<a class="log-icon log-out-icon blur-modal-overlay kosik-modal-open log-out-icon"
									   data-target="login-modal"
									   aria-label="Přihlásit se"
									   href="javascript:void(0)">
										<span><img src="/svg/log-out.svg"  title="Nepřihlášený uživatel"></span>
										Přihlásit
									</a>


							</div>

							</div>
							<script type="text/javascript">
								$(document).ready(function () {
									$('.block-user-session .button').click(function (event) {
										$('.block-user-session').toggleClass('open');
									});
								});
							</script>
						</div>
					</div>

					<div class="mobile-fixed-header" id="fixed-header">
						<span class="navigation-mobile only-mobile"></span>
						<span class="suggester-mobile-switcher icon-search"></span>
<div class="region region-nav-special" role="navigation">
    <div class="region-inner region-nav-special-inner">
        <ul>
            <li><a href="/produkty-v-akci" data-href="true" >
                    <img src="/svg/action.svg" aria-hidden="true" alt="akce">
                    <span class="item-name-desktop">Akce</span>
                </a></li>
            <li><a href="/vyprodej" data-href="true">
                    <img src="/svg/sale.svg" aria-hidden="true" alt="výprodej">
                    <span class="item-name-desktop">Výprodej</span>
                </a></li>
                        <li></li>
            <li><a href="/recepty" data-href="true">
                    <img src="/svg/recipes.svg" aria-hidden="true" alt="recepty">
                    <span class="item-name-desktop">Recepty</span>
                </a></li>
            <li><a href="https://blog.kosik.cz" data-href="true" target="_blank">
                    <img src="/svg/blog.svg" aria-hidden="true" alt="blog">
                    <span class="item-name-desktop">Blog</span>
                </a></li>
            <li><a href="/delikatesy">
                    <img src="/svg/deli.svg" aria-hidden="true" alt="delikatesy">
                    <span class="item-name-desktop">Delikatesy</span>
                </a></li>
            <li><a href="/hotova-jidla">
                    <img src="/svg/ready-made-meal.svg" aria-hidden="true" alt="hotová jídla">
                    <span class="item-name-desktop">Hotová jídla</span>
                </a></li>
            <li><a class="christmas-link" href="/#christmas-inspiration">
                    <img src="/svg/vanoce.svg" aria-hidden="true" alt="Vánoce">
                    <span class="item-name-desktop">Vánoce</span>
                </a></li>
            <li><a href="/poctive-piti">
                    <img src="/svg/honest-drinks.svg" aria-hidden="true" alt="poctivé pití">
                    <span class="item-name-desktop">Poctivé pití</span>
                </a></li>
        </ul>
    </div>
</div>

<div class="region region-navigation" id="big-menu" role="navigation">
    <div class="region-inner region-navigation-inner">
        <span class="navigation-mobile"></span>
        <script>
            $(document).ready(function () {
                $('.region-navigation ul > li.sub').hover(function () {
                    var isOpen = $(this).data().open;

                    if (!isOpen) {
                        var images = $(this).find('img');

                        images.each(function (index, element) {
                            $(element).attr('src', $(element).data().src);
                        });

                        $(this).data().open = true;
                    }
                });
            });
        </script>

        <ul>
                <li class="login-modal-controls  mobile-small-nav-show">
                    <a class="log-in blur-modal-overlay kosik-modal-open" data-target="login-modal" id="signup-open">
                        Registrovat
                    </a>
                    <a class="log-in blur-modal-overlay kosik-modal-open" data-target="login-modal" id="signin-open">
                        Přihlásit
                    </a>
                </li>
                <li class="facebook-nav  mobile-small-nav-show">
<a class="button button-facebook" data-href="true" href="/hotova-jidla?do=menu-facebook-fbLogin-open">Facebook přihlášení</a>                </li>


                        <div class="menu-nav-icons mobile-small-nav-show">

                <div class="ico-text-group">
                    <a class="ico-text-group-link" href="/produkty-v-akci" data-href="true">
                        <span class="item-name">Akce</span>
                        <img src="/svg/action.svg" aria-hidden="true" alt="akce">
                    </a>
                </div>


                <div class="ico-text-group">
                    <a class="ico-text-group-link" href="/vyprodej" data-href="true">
                        <span class="item-name">Výprodej</span>
                        <img src="/svg/sale.svg" aria-hidden="true" alt="výprodej">
                    </a>
                </div>


                
                <div class="ico-text-group">
                    <a class="ico-text-group-link" href="/recepty" data-href="true">
                        <span class="item-name">Recepty</span>
                        <img src="/svg/recipes.svg" aria-hidden="true" alt="recepty">
                    </a>
                </div>

               <div class="ico-text-group">
                    <a class="ico-text-group-link" href="https://blog.kosik.cz" data-href="true" target="_blank">
                        <span class="item-name">Blog</span>
                        <img src="/svg/blog.svg" aria-hidden="true" alt="blog">
                    </a>
                </div>

                <div class="ico-text-group">
                    <a class="ico-text-group-link" href="/delikatesy" data-href="true">
                        <span class="item-name">Delikatesy</span>
                        <img src="/svg/deli.svg" aria-hidden="true" alt="delikatesy">
                    </a>
                </div>

                <div class="ico-text-group">
                    <a class="ico-text-group-link" href="/hotova-jidla" data-href="true">
                        <span class="item-name">Hotová jídla</span>
                        <img src="/svg/ready-made-meal.svg" aria-hidden="true" alt="hotová jídla">
                    </a>
                </div>

                <div class="ico-text-group">
                    <a class="ico-text-group-link christmas-link" href="/#christmas-inspiration" data-href="true" >
                        <span class="item-name">Vánoce</span>
                        <img src="/svg/vanoce.svg" aria-hidden="true" alt="Vánoce">
                    </a>
                </div>

                <div class="ico-text-group">
                    <a class="ico-text-group-link" href="/poctive-piti" data-href="true" >
                        <span class="item-name">Poctivé pití</span>
                        <img src="/svg/honest-drinks.svg" aria-hidden="true" alt="Poctivé pití">
                    </a>
                </div>
            </div>

                <li class="sub with-children"
                    data-open="false">
                    <a href="/mlecne-a-chlazene">
                        Mléčné a chlazené
                    </a>
                        <span class="category-toggle-sub mobile-small-nav-show"
                              onclick="this.parentNode.classList.toggle('open')">
							<i class="fa fa-angle-down" aria-hidden="true"></i>
						</span>
                    <div class="block block-droped-category">
                        <div class="block-droped-category-inner">
                            <div class="category-product-list">

                                                                <div class="product-type">
                                    <a href="/mlecne-a-chlazene/mlecne-vyrobky-vejce" class="product-type-image">
                                        <img data-src="https://cdn.kosik.cz/content/category/svg/menu/908.svg" alt="Mléčné výrobky, vejce">
                                    </a>
                                    <h3>
                                        <a class="children" href="/mlecne-a-chlazene/mlecne-vyrobky-vejce">
                                            Mléčné výrobky, vejce
                                        </a>
                                    </h3>

                                                                        <div class="categories-container">

                                                <a href="/mlecne-a-chlazene/mlecne-vyrobky-vejce/bio-mlecne-vyrobky">
                                                    Bio mléčné výrobky,
                                                </a>

                                                <a href="/mlecne-a-chlazene/mlecne-vyrobky-vejce/drozdi">
                                                    Droždí,
                                                </a>

                                                <a href="/mlecne-a-chlazene/mlecne-vyrobky-vejce/mleko">
                                                    Mléko,
                                                </a>


                                                <a href="/mlecne-a-chlazene/mlecne-vyrobky-vejce/smetany-a-alternativy">
                                                    Smetany a alternativy,
                                                </a>

                                                <a href="/mlecne-a-chlazene/mlecne-vyrobky-vejce/jogurty">
                                                    Jogurty,
                                                </a>







                                        <a href="/mlecne-a-chlazene/mlecne-vyrobky-vejce">...</a>
                                    </div>
                                </div>
                                <div class="product-type">
                                    <a href="/mlecne-a-chlazene/syry" class="product-type-image">
                                        <img data-src="https://cdn.kosik.cz/content/category/svg/menu/936.svg" alt="Sýry">
                                    </a>
                                    <h3>
                                        <a class="children" href="/mlecne-a-chlazene/syry">
                                            Sýry
                                        </a>
                                    </h3>

                                                                        <div class="categories-container">

                                                <a href="/mlecne-a-chlazene/syry/platkove">
                                                    Plátkové,
                                                </a>

                                                <a href="/mlecne-a-chlazene/syry/blocky">
                                                    Bločky,
                                                </a>

                                                <a href="/mlecne-a-chlazene/syry/strouhane">
                                                    Strouhané,
                                                </a>

                                                <a href="/mlecne-a-chlazene/syry/cottage-a-cerstve">
                                                    Cottage a čerstvé,
                                                </a>



                                                <a href="/mlecne-a-chlazene/syry/termizovane">
                                                    Termizované,
                                                </a>









                                        <a href="/mlecne-a-chlazene/syry">...</a>
                                    </div>
                                </div>
                                <div class="product-type">
                                    <a href="/mlecne-a-chlazene/upraveny-obsah-laktozy" class="product-type-image">
                                        <img data-src="https://cdn.kosik.cz/content/category/svg/menu/1703.svg" alt="Upravený obsah laktózy">
                                    </a>
                                    <h3>
                                        <a class="children" href="/mlecne-a-chlazene/upraveny-obsah-laktozy">
                                            Upravený obsah laktózy
                                        </a>
                                    </h3>

                                                                        <div class="categories-container">


                                                <a href="/mlecne-a-chlazene/upraveny-obsah-laktozy/bez-laktozy">
                                                    Bez laktózy,
                                                </a>
                                        <a href="/mlecne-a-chlazene/upraveny-obsah-laktozy">...</a>
                                    </div>
                                </div>
                                <div class="product-type">
                                    <a href="/mlecne-a-chlazene/maslo-margariny-tuky" class="product-type-image">
                                        <img data-src="https://cdn.kosik.cz/content/category/svg/menu/902.svg" alt="Máslo, margaríny, tuky">
                                    </a>
                                    <h3>
                                        <a class="children" href="/mlecne-a-chlazene/maslo-margariny-tuky">
                                            Máslo, margaríny, tuky
                                        </a>
                                    </h3>

                                                                        <div class="categories-container">

                                                <a href="/mlecne-a-chlazene/maslo-margariny-tuky/margariny">
                                                    Margaríny,
                                                </a>

                                                <a href="/mlecne-a-chlazene/maslo-margariny-tuky/maslo">
                                                    Máslo,
                                                </a>


                                                <a href="/mlecne-a-chlazene/maslo-margariny-tuky/sadlo">
                                                    Sádlo,
                                                </a>

                                        <a href="/mlecne-a-chlazene/maslo-margariny-tuky">...</a>
                                    </div>
                                </div>
                                <div class="product-type">
                                    <a href="/mlecne-a-chlazene/majonezy-tatarky-a-dresingy" class="product-type-image">
                                        <img data-src="https://cdn.kosik.cz/content/category/svg/menu/899.svg" alt="Majonézy, tatarky a dresingy">
                                    </a>
                                    <h3>
                                        <a class="children" href="/mlecne-a-chlazene/majonezy-tatarky-a-dresingy">
                                            Majonézy, tatarky a dresingy
                                        </a>
                                    </h3>

                                                                        <div class="categories-container">

                                                <a href="/mlecne-a-chlazene/majonezy-tatarky-a-dresingy/dresingy">
                                                    Dresingy,
                                                </a>

                                        <a href="/mlecne-a-chlazene/majonezy-tatarky-a-dresingy">...</a>
                                    </div>
                                </div>
                            </div>
                        </div>
                    </div>
                </li>
                <li class="sub with-children"
                    data-open="false">
                    <a href="/maso-a-ryby">
                        Maso a ryby
                    </a>
                        <span class="category-toggle-sub mobile-small-nav-show"
                              onclick="this.parentNode.classList.toggle('open')">
							<i class="fa fa-angle-down" aria-hidden="true"></i>
						</span>
                    <div class="block block-droped-category">
                        <div class="block-droped-category-inner">
                            <div class="category-product-list">

                                                                <div class="product-type">
                                    <a href="/maso-a-ryby/jehneci" class="product-type-image">
                                        <img data-src="https://cdn.kosik.cz/content/category/svg/menu/973.svg" alt="Jehněčí">
                                    </a>
                                    <h3>
                                        <a class="children" href="/maso-a-ryby/jehneci">
                                            Jehněčí
                                        </a>
                                    </h3>

                                                                        <div class="categories-container">

                                                <a href="/maso-a-ryby/jehneci/bio">
                                                    Bio,
                                                </a>

                                                <a href="/maso-a-ryby/jehneci/s-kosti">
                                                    S kostí,
                                                </a>

                                                <a href="/maso-a-ryby/jehneci/mlete">
                                                    Mleté,
                                                </a>
                                        <a href="/maso-a-ryby/jehneci">...</a>
                                    </div>
                                </div>
                                <div class="product-type">
                                    <a href="/maso-a-ryby/mlete-maso" class="product-type-image">
                                        <img data-src="https://cdn.kosik.cz/content/category/svg/menu/974.svg" alt="Mleté maso">
                                    </a>
                                    <h3>
                                        <a class="children" href="/maso-a-ryby/mlete-maso">
                                            Mleté maso
                                        </a>
                                    </h3>

                                                                        <div class="categories-container">

                                                <a href="/maso-a-ryby/mlete-maso/hovezi">
                                                    Hovězí,
                                                </a>

                                                <a href="/maso-a-ryby/mlete-maso/veprove">
                                                    Vepřové,
                                                </a>

                                                <a href="/maso-a-ryby/mlete-maso/jehneci">
                                                    Jehněčí,
                                                </a>

                                                <a href="/maso-a-ryby/mlete-maso/michane-mix">
                                                    Míchané (mix),
                                                </a>

                                                <a href="/maso-a-ryby/mlete-maso/drubezi">
                                                    Drůbeží,
                                                </a>
                                        <a href="/maso-a-ryby/mlete-maso">...</a>
                                    </div>
                                </div>
                                <div class="product-type">
                                    <a href="/maso-a-ryby/farmarske-a-specialni" class="product-type-image">
                                        <img data-src="https://cdn.kosik.cz/content/category/svg/menu/1858.svg" alt="Farmářské a speciální">
                                    </a>
                                    <h3>
                                        <a class="children" href="/maso-a-ryby/farmarske-a-specialni">
                                            Farmářské a speciální
                                        </a>
                                    </h3>

                                                                        <div class="categories-container">

                                                <a href="/maso-a-ryby/farmarske-a-specialni/farmarska-drubez">
                                                    Farmářská Drůbež,
                                                </a>

                                                <a href="/maso-a-ryby/farmarske-a-specialni/francouzska-drubez">
                                                    Francouzská drůbež,
                                                </a>
                                        <a href="/maso-a-ryby/farmarske-a-specialni">...</a>
                                    </div>
                                </div>
                                <div class="product-type">
                                    <a href="/maso-a-ryby/masa-na-grilovani-a-steaky" class="product-type-image">
                                        <img data-src="https://cdn.kosik.cz/content/category/svg/menu/1859.svg" alt="Masa na grilování a steaky">
                                    </a>
                                    <h3>
                                        <a class="children" href="/maso-a-ryby/masa-na-grilovani-a-steaky">
                                            Masa na grilování a steaky
                                        </a>
                                    </h3>

                                                                        <div class="categories-container">

                                                <a href="/maso-a-ryby/masa-na-grilovani-a-steaky/vyzrala-masa">
                                                    Vyzrálá masa,
                                                </a>

                                                <a href="/maso-a-ryby/masa-na-grilovani-a-steaky/masa-na-grilovani">
                                                    Masa na grilování,
                                                </a>

                                                <a href="/maso-a-ryby/masa-na-grilovani-a-steaky/masa-na-medailonky">
                                                    Masa na medailonky,
                                                </a>
                                        <a href="/maso-a-ryby/masa-na-grilovani-a-steaky">...</a>
                                    </div>
                                </div>
                                <div class="product-type">
                                    <a href="/maso-a-ryby/snadne-vareni-a-polotovary" class="product-type-image">
                                        <img data-src="https://cdn.kosik.cz/content/category/svg/menu/1860.svg" alt="Snadné vaření a polotovary">
                                    </a>
                                    <h3>
                                        <a class="children" href="/maso-a-ryby/snadne-vareni-a-polotovary">
                                            Snadné vaření a polotovary
                                        </a>
                                    </h3>

                                                                        <div class="categories-container">

                                                <a href="/maso-a-ryby/snadne-vareni-a-polotovary/sous-vide">
                                                    Sous vide,
                                                </a>

                                                <a href="/maso-a-ryby/snadne-vareni-a-polotovary/burgery">
                                                    Burgery,
                                                </a>

                                                <a href="/maso-a-ryby/snadne-vareni-a-polotovary/klobasy">
                                                    Klobásy,
                                                </a>

                                                <a href="/maso-a-ryby/snadne-vareni-a-polotovary/vyvary">
                                                    Vývary,
                                                </a>

                                                <a href="/maso-a-ryby/snadne-vareni-a-polotovary/masne-polotovary">
                                                    Masné Polotovary,
                                                </a>
                                        <a href="/maso-a-ryby/snadne-vareni-a-polotovary">...</a>
                                    </div>
                                </div>
                                <div class="product-type">
                                    <a href="/maso-a-ryby/drubez" class="product-type-image">
                                        <img data-src="https://cdn.kosik.cz/content/category/svg/menu/961.svg" alt="Drůbež">
                                    </a>
                                    <h3>
                                        <a class="children" href="/maso-a-ryby/drubez">
                                            Drůbež
                                        </a>
                                    </h3>

                                                                        <div class="categories-container">

                                                <a href="/maso-a-ryby/drubez/bio">
                                                    Bio,
                                                </a>

                                                <a href="/maso-a-ryby/drubez/kachna-husa">
                                                    Kachna, husa,
                                                </a>

                                                <a href="/maso-a-ryby/drubez/droby">
                                                    Droby,
                                                </a>

                                                <a href="/maso-a-ryby/drubez/mlete">
                                                    Mleté,
                                                </a>

                                                <a href="/maso-a-ryby/drubez/specialni">
                                                    Speciální,
                                                </a>

                                                <a href="/maso-a-ryby/drubez/na-polevku">
                                                    Na polévku,
                                                </a>

                                                <a href="/maso-a-ryby/drubez/rodinne-baleni">
                                                    Rodinné balení,
                                                </a>





                                        <a href="/maso-a-ryby/drubez">...</a>
                                    </div>
                                </div>
                                <div class="product-type">
                                    <a href="/maso-a-ryby/hovezi" class="product-type-image">
                                        <img data-src="https://cdn.kosik.cz/content/category/svg/menu/967.svg" alt="Hovězí">
                                    </a>
                                    <h3>
                                        <a class="children" href="/maso-a-ryby/hovezi">
                                            Hovězí
                                        </a>
                                    </h3>

                                                                        <div class="categories-container">

                                                <a href="/maso-a-ryby/hovezi/mlete">
                                                    Mleté,
                                                </a>

                                                <a href="/maso-a-ryby/hovezi/na-polevku">
                                                    Na polévku,
                                                </a>

                                                <a href="/maso-a-ryby/hovezi/rodinne-baleni">
                                                    Rodinné balení,
                                                </a>

                                                <a href="/maso-a-ryby/hovezi/jalovice-krava">
                                                    Jalovice, kráva,
                                                </a>

                                                <a href="/maso-a-ryby/hovezi/mlady-byk">
                                                    Mladý býk,
                                                </a>


                                                <a href="/maso-a-ryby/hovezi/bio">
                                                    Bio,
                                                </a>

                                        <a href="/maso-a-ryby/hovezi">...</a>
                                    </div>
                                </div>
                                <div class="product-type">
                                    <a href="/maso-a-ryby/veprove" class="product-type-image">
                                        <img data-src="https://cdn.kosik.cz/content/category/svg/menu/980.svg" alt="Vepřové">
                                    </a>
                                    <h3>
                                        <a class="children" href="/maso-a-ryby/veprove">
                                            Vepřové
                                        </a>
                                    </h3>

                                                                        <div class="categories-container">

                                                <a href="/maso-a-ryby/veprove/v-celku">
                                                    V celku,
                                                </a>

                                                <a href="/maso-a-ryby/veprove/krajene">
                                                    Krájené,
                                                </a>

                                                <a href="/maso-a-ryby/veprove/droby">
                                                    Droby,
                                                </a>

                                                <a href="/maso-a-ryby/veprove/mlete">
                                                    Mleté,
                                                </a>

                                                <a href="/maso-a-ryby/veprove/uzene">
                                                    Uzené,
                                                </a>

                                                <a href="/maso-a-ryby/veprove/slaniny">
                                                    Slaniny,
                                                </a>

                                                <a href="/maso-a-ryby/veprove/rodinne-baleni">
                                                    Rodinné balení,
                                                </a>
                                        <a href="/maso-a-ryby/veprove">...</a>
                                    </div>
                                </div>
                                <div class="product-type">
                                    <a href="/maso-a-ryby/ryby" class="product-type-image">
                                        <img data-src="https://cdn.kosik.cz/content/category/svg/menu/975.svg" alt="Ryby">
                                    </a>
                                    <h3>
                                        <a class="children" href="/maso-a-ryby/ryby">
                                            Ryby
                                        </a>
                                    </h3>

                                                                        <div class="categories-container">

                                                <a href="/maso-a-ryby/ryby/cele-ryby">
                                                    Celé ryby,
                                                </a>

                                                <a href="/maso-a-ryby/ryby/filety">
                                                    Filety,
                                                </a>

                                                <a href="/maso-a-ryby/ryby/ceske-ryby">
                                                    České ryby,
                                                </a>

                                                <a href="/maso-a-ryby/ryby/morske">
                                                    Mořské,
                                                </a>

                                                <a href="/maso-a-ryby/ryby/sladkovodni">
                                                    Sladkovodní,
                                                </a>

                                                <a href="/maso-a-ryby/ryby/uzene">
                                                    Uzené,
                                                </a>

                                        <a href="/maso-a-ryby/ryby">...</a>
                                    </div>
                                </div>
                                <div class="product-type">
                                    <a href="/maso-a-ryby/zverina" class="product-type-image">
                                        <img data-src="https://cdn.kosik.cz/content/category/svg/menu/982.svg" alt="Zvěřina">
                                    </a>
                                    <h3>
                                        <a class="children" href="/maso-a-ryby/zverina">
                                            Zvěřina
                                        </a>
                                    </h3>

                                                                        <div class="categories-container">

                                                <a href="/maso-a-ryby/zverina/vysoka">
                                                    Vysoká,
                                                </a>

                                                <a href="/maso-a-ryby/zverina/cerna">
                                                    Černá,
                                                </a>
                                        <a href="/maso-a-ryby/zverina">...</a>
                                    </div>
                                </div>
                                <div class="product-type">
                                    <a href="/maso-a-ryby/bio" class="product-type-image">
                                        <img data-src="https://cdn.kosik.cz/content/category/svg/menu/981.svg" alt="Bio">
                                    </a>
                                    <h3>
                                        <a class="children" href="/maso-a-ryby/bio">
                                            Bio
                                        </a>
                                    </h3>

                                                                        <div class="categories-container">

                                                <a href="/maso-a-ryby/bio/hovezi">
                                                    Hovězí,
                                                </a>

                                                <a href="/maso-a-ryby/bio/drubezi">
                                                    Drůbeží,
                                                </a>

                                                <a href="/maso-a-ryby/bio/jehneci">
                                                    Jehněčí,
                                                </a>
                                        <a href="/maso-a-ryby/bio">...</a>
                                    </div>
                                </div>
                                <div class="product-type">
                                    <a href="/maso-a-ryby/susene-maso" class="product-type-image">
                                        <img data-src="https://cdn.kosik.cz/content/category/svg/menu/984.svg" alt="Sušené maso">
                                    </a>
                                    <h3>
                                        <a class="children" href="/maso-a-ryby/susene-maso">
                                            Sušené maso
                                        </a>
                                    </h3>

                                                                        <div class="categories-container">

                                                <a href="/maso-a-ryby/susene-maso/hovezi">
                                                    Hovězí,
                                                </a>

                                                <a href="/maso-a-ryby/susene-maso/veprove">
                                                    Vepřové,
                                                </a>

                                                <a href="/maso-a-ryby/susene-maso/drubezi">
                                                    Drůbeží,
                                                </a>

                                                <a href="/maso-a-ryby/susene-maso/ostatni">
                                                    Ostatní,
                                                </a>
                                        <a href="/maso-a-ryby/susene-maso">...</a>
                                    </div>
                                </div>
                            </div>
                        </div>
                    </div>
                </li>
                <li class="sub with-children"
                    data-open="false">
                    <a href="/ovoce-a-zelenina">
                        Ovoce a zelenina
                    </a>
                        <span class="category-toggle-sub mobile-small-nav-show"
                              onclick="this.parentNode.classList.toggle('open')">
							<i class="fa fa-angle-down" aria-hidden="true"></i>
						</span>
                    <div class="block block-droped-category">
                        <div class="block-droped-category-inner">
                            <div class="category-product-list">

                                                                <div class="product-type">
                                    <a href="/ovoce-a-zelenina/susene-orechy-a-semena" class="product-type-image">
                                        <img data-src="https://cdn.kosik.cz/content/category/svg/menu/1003.svg" alt="Sušené ořechy a semena">
                                    </a>
                                    <h3>
                                        <a class="children" href="/ovoce-a-zelenina/susene-orechy-a-semena">
                                            Sušené ořechy a semena
                                        </a>
                                    </h3>

                                                                        <div class="categories-container">

                                                <a href="/ovoce-a-zelenina/susene-orechy-a-semena/orechy">
                                                    Ořechy,
                                                </a>

                                                <a href="/ovoce-a-zelenina/susene-orechy-a-semena/semena">
                                                    Semena,
                                                </a>
                                        <a href="/ovoce-a-zelenina/susene-orechy-a-semena">...</a>
                                    </div>
                                </div>
                                <div class="product-type">
                                    <a href="/ovoce-a-zelenina/cerstve-stavy" class="product-type-image">
                                        <img data-src="https://cdn.kosik.cz/content/category/svg/menu/1756.svg" alt="Čerstvé šťávy">
                                    </a>
                                    <h3>
                                        <a class="children" href="/ovoce-a-zelenina/cerstve-stavy">
                                            Čerstvé šťávy
                                        </a>
                                    </h3>

                                                                    </div>
                                <div class="product-type">
                                    <a href="/ovoce-a-zelenina/ovoce" class="product-type-image">
                                        <img data-src="https://cdn.kosik.cz/content/category/svg/menu/993.svg" alt="Ovoce">
                                    </a>
                                    <h3>
                                        <a class="children" href="/ovoce-a-zelenina/ovoce">
                                            Ovoce
                                        </a>
                                    </h3>

                                                                        <div class="categories-container">

                                                <a href="/ovoce-a-zelenina/ovoce/jablka-a-hrusky">
                                                    Jablka a hrušky,
                                                </a>


                                                <a href="/ovoce-a-zelenina/ovoce/citrusy">
                                                    Citrusy,
                                                </a>

                                                <a href="/ovoce-a-zelenina/ovoce/hrozny-a-melouny">
                                                    Hrozny a melouny,
                                                </a>

                                                <a href="/ovoce-a-zelenina/ovoce/jahody-a-lesni-plody">
                                                    Jahody a lesní plody,
                                                </a>

                                        <a href="/ovoce-a-zelenina/ovoce">...</a>
                                    </div>
                                </div>
                                <div class="product-type">
                                    <a href="/ovoce-a-zelenina/zelenina" class="product-type-image">
                                        <img data-src="https://cdn.kosik.cz/content/category/svg/menu/1013.svg" alt="Zelenina">
                                    </a>
                                    <h3>
                                        <a class="children" href="/ovoce-a-zelenina/zelenina">
                                            Zelenina
                                        </a>
                                    </h3>

                                                                        <div class="categories-container">

                                                <a href="/ovoce-a-zelenina/zelenina/brambory">
                                                    Brambory,
                                                </a>

                                                <a href="/ovoce-a-zelenina/zelenina/cibule-a-cesnek">
                                                    Cibule a česnek,
                                                </a>

                                                <a href="/ovoce-a-zelenina/zelenina/korenova-zelenina">
                                                    Kořenová zelenina,
                                                </a>


                                                <a href="/ovoce-a-zelenina/zelenina/okurky-a-salaty">
                                                    Okurky a saláty,
                                                </a>





                                                <a href="/ovoce-a-zelenina/zelenina/houby">
                                                    Houby,
                                                </a>


                                        <a href="/ovoce-a-zelenina/zelenina">...</a>
                                    </div>
                                </div>
                                <div class="product-type">
                                    <a href="/ovoce-a-zelenina/bylinky" class="product-type-image">
                                        <img data-src="https://cdn.kosik.cz/content/category/svg/menu/989.svg" alt="Bylinky">
                                    </a>
                                    <h3>
                                        <a class="children" href="/ovoce-a-zelenina/bylinky">
                                            Bylinky
                                        </a>
                                    </h3>

                                                                        <div class="categories-container">

                                                <a href="/ovoce-a-zelenina/bylinky/bylinky-v-kvetinaci">
                                                    Bylinky v květináči,
                                                </a>

                                                <a href="/ovoce-a-zelenina/bylinky/rezane-bylinky">
                                                    Řezané bylinky,
                                                </a>
                                        <a href="/ovoce-a-zelenina/bylinky">...</a>
                                    </div>
                                </div>
                                <div class="product-type">
                                    <a href="/ovoce-a-zelenina/salaty" class="product-type-image">
                                        <img data-src="https://cdn.kosik.cz/content/category/svg/menu/1000.svg" alt="Saláty">
                                    </a>
                                    <h3>
                                        <a class="children" href="/ovoce-a-zelenina/salaty">
                                            Saláty
                                        </a>
                                    </h3>

                                                                        <div class="categories-container">

                                                <a href="/ovoce-a-zelenina/salaty/ovocne-salaty">
                                                    Ovocné saláty,
                                                </a>

                                                <a href="/ovoce-a-zelenina/salaty/zeleninove-salaty">
                                                    Zeleninové saláty,
                                                </a>
                                        <a href="/ovoce-a-zelenina/salaty">...</a>
                                    </div>
                                </div>
                                <div class="product-type">
                                    <a href="/ovoce-a-zelenina/susene-ovoce-smesi-a-houby" class="product-type-image">
                                        <img data-src="https://cdn.kosik.cz/content/category/svg/menu/1008.svg" alt="Sušené ovoce, směsi a houby">
                                    </a>
                                    <h3>
                                        <a class="children" href="/ovoce-a-zelenina/susene-ovoce-smesi-a-houby">
                                            Sušené ovoce, směsi a houby
                                        </a>
                                    </h3>

                                                                        <div class="categories-container">

                                                <a href="/ovoce-a-zelenina/susene-ovoce-smesi-a-houby/susene-ovoce">
                                                    Sušené ovoce,
                                                </a>

                                                <a href="/ovoce-a-zelenina/susene-ovoce-smesi-a-houby/susene-houby">
                                                    Sušené houby,
                                                </a>
                                        <a href="/ovoce-a-zelenina/susene-ovoce-smesi-a-houby">...</a>
                                    </div>
                                </div>
                                <div class="product-type">
                                    <a href="/ovoce-a-zelenina/bio" class="product-type-image">
                                        <img data-src="https://cdn.kosik.cz/content/category/svg/menu/986.svg" alt="Bio">
                                    </a>
                                    <h3>
                                        <a class="children" href="/ovoce-a-zelenina/bio">
                                            Bio
                                        </a>
                                    </h3>

                                                                        <div class="categories-container">

                                                <a href="/ovoce-a-zelenina/bio/bio-ovoce">
                                                    Bio ovoce,
                                                </a>

                                                <a href="/ovoce-a-zelenina/bio/bio-zelenina">
                                                    Bio zelenina,
                                                </a>
                                        <a href="/ovoce-a-zelenina/bio">...</a>
                                    </div>
                                </div>
                            </div>
                        </div>
                    </div>
                </li>
                <li class="sub with-children"
                    data-open="false">
                    <a href="/pecivo">
                        Pečivo
                    </a>
                        <span class="category-toggle-sub mobile-small-nav-show"
                              onclick="this.parentNode.classList.toggle('open')">
							<i class="fa fa-angle-down" aria-hidden="true"></i>
						</span>
                    <div class="block block-droped-category">
                        <div class="block-droped-category-inner">
                            <div class="category-product-list">

                                                                <div class="product-type">
                                    <a href="/pecivo/dorty-a-zakusky" class="product-type-image">
                                        <img data-src="https://cdn.kosik.cz/content/category/svg/menu/1033.svg" alt="Dorty a zákusky">
                                    </a>
                                    <h3>
                                        <a class="children" href="/pecivo/dorty-a-zakusky">
                                            Dorty a zákusky
                                        </a>
                                    </h3>

                                                                    </div>
                                <div class="product-type">
                                    <a href="/pecivo/bezne" class="product-type-image">
                                        <img data-src="https://cdn.kosik.cz/content/category/svg/menu/1028.svg" alt="Běžné">
                                    </a>
                                    <h3>
                                        <a class="children" href="/pecivo/bezne">
                                            Běžné
                                        </a>
                                    </h3>

                                                                        <div class="categories-container">

                                                <a href="/pecivo/bezne/balene-pecivo">
                                                    Balené pečivo,
                                                </a>

                                                <a href="/pecivo/bezne/svetle-pecivo">
                                                    Světlé pečivo,
                                                </a>

                                                <a href="/pecivo/bezne/slane-pecivo">
                                                    Slané pečivo,
                                                </a>

                                        <a href="/pecivo/bezne">...</a>
                                    </div>
                                </div>
                                <div class="product-type">
                                    <a href="/pecivo/chleb" class="product-type-image">
                                        <img data-src="https://cdn.kosik.cz/content/category/svg/menu/1034.svg" alt="Chléb">
                                    </a>
                                    <h3>
                                        <a class="children" href="/pecivo/chleb">
                                            Chléb
                                        </a>
                                    </h3>

                                                                        <div class="categories-container">

                                                <a href="/pecivo/chleb/chleb-baleny">
                                                    Chléb balený,
                                                </a>

                                                <a href="/pecivo/chleb/chleb-volny">
                                                    Chléb volný,
                                                </a>
                                        <a href="/pecivo/chleb">...</a>
                                    </div>
                                </div>
                                <div class="product-type">
                                    <a href="/pecivo/sladke" class="product-type-image">
                                        <img data-src="https://cdn.kosik.cz/content/category/svg/menu/1042.svg" alt="Sladké">
                                    </a>
                                    <h3>
                                        <a class="children" href="/pecivo/sladke">
                                            Sladké
                                        </a>
                                    </h3>

                                                                        <div class="categories-container">

                                                <a href="/pecivo/sladke/sladke-pecivo-balene">
                                                    Sladké pečivo balené,
                                                </a>

                                                <a href="/pecivo/sladke/sladke-pecivo-volne">
                                                    Sladké pečivo volné,
                                                </a>
                                        <a href="/pecivo/sladke">...</a>
                                    </div>
                                </div>
                                <div class="product-type">
                                    <a href="/pecivo/trvanlive-pecivo" class="product-type-image">
                                        <img data-src="https://cdn.kosik.cz/content/category/svg/menu/1045.svg" alt="Trvanlivé pečivo">
                                    </a>
                                    <h3>
                                        <a class="children" href="/pecivo/trvanlive-pecivo">
                                            Trvanlivé pečivo
                                        </a>
                                    </h3>

                                                                    </div>
                                <div class="product-type">
                                    <a href="/pecivo/bezlepkove-pecivo" class="product-type-image">
                                        <img data-src="https://cdn.kosik.cz/content/category/svg/menu/1027.svg" alt="Bezlepkové pečivo">
                                    </a>
                                    <h3>
                                        <a class="children" href="/pecivo/bezlepkove-pecivo">
                                            Bezlepkové pečivo
                                        </a>
                                    </h3>

                                                                    </div>
                            </div>
                        </div>
                    </div>
                </li>
                <li class="sub with-children"
                    data-open="false">
                    <a href="/uzeniny-a-lahudky">
                        Uzeniny a lahůdky
                    </a>
                        <span class="category-toggle-sub mobile-small-nav-show"
                              onclick="this.parentNode.classList.toggle('open')">
							<i class="fa fa-angle-down" aria-hidden="true"></i>
						</span>
                    <div class="block block-droped-category">
                        <div class="block-droped-category-inner">
                            <div class="category-product-list">

                                                                <div class="product-type">
                                    <a href="/uzeniny-a-lahudky/uzeniny" class="product-type-image">
                                        <img data-src="https://cdn.kosik.cz/content/category/svg/menu/1047.svg" alt="Uzeniny">
                                    </a>
                                    <h3>
                                        <a class="children" href="/uzeniny-a-lahudky/uzeniny">
                                            Uzeniny
                                        </a>
                                    </h3>

                                                                        <div class="categories-container">

                                                <a href="/uzeniny-a-lahudky/uzeniny/sunky">
                                                    Šunky,
                                                </a>

                                                <a href="/uzeniny-a-lahudky/uzeniny/salamy">
                                                    Salámy,
                                                </a>

                                                <a href="/uzeniny-a-lahudky/uzeniny/parky-a-spekacky">
                                                    Párky a špekáčky,
                                                </a>

                                                <a href="/uzeniny-a-lahudky/uzeniny/klobasy">
                                                    Klobásy,
                                                </a>

                                                <a href="/uzeniny-a-lahudky/uzeniny/uzena-masa">
                                                    Uzená  masa,
                                                </a>





                                        <a href="/uzeniny-a-lahudky/uzeniny">...</a>
                                    </div>
                                </div>
                                <div class="product-type">
                                    <a href="/uzeniny-a-lahudky/lahudky" class="product-type-image">
                                        <img data-src="https://cdn.kosik.cz/content/category/svg/menu/1062.svg" alt="Lahůdky">
                                    </a>
                                    <h3>
                                        <a class="children" href="/uzeniny-a-lahudky/lahudky">
                                            Lahůdky
                                        </a>
                                    </h3>

                                                                        <div class="categories-container">

                                                <a href="/uzeniny-a-lahudky/lahudky/hotova-jidla">
                                                    Hotová jídla,
                                                </a>

                                                <a href="/uzeniny-a-lahudky/lahudky/hotova-testa">
                                                    Hotová těsta,
                                                </a>


                                                <a href="/uzeniny-a-lahudky/lahudky/chlazene-pastiky">
                                                    Chlazené paštiky,
                                                </a>


                                                <a href="/uzeniny-a-lahudky/lahudky/rybi-speciality">
                                                    Rybí speciality,
                                                </a>



                                        <a href="/uzeniny-a-lahudky/lahudky">...</a>
                                    </div>
                                </div>
                            </div>
                        </div>
                    </div>
                </li>
                <li class="sub with-children"
                    data-open="false">
                    <a href="/mrazene">
                        Mražené
                    </a>
                        <span class="category-toggle-sub mobile-small-nav-show"
                              onclick="this.parentNode.classList.toggle('open')">
							<i class="fa fa-angle-down" aria-hidden="true"></i>
						</span>
                    <div class="block block-droped-category">
                        <div class="block-droped-category-inner">
                            <div class="category-product-list">

                                                                <div class="product-type">
                                    <a href="/mrazene/hotova-jidla" class="product-type-image">
                                        <img data-src="https://cdn.kosik.cz/content/category/svg/menu/1084.svg" alt="Hotová jídla">
                                    </a>
                                    <h3>
                                        <a class="children" href="/mrazene/hotova-jidla">
                                            Hotová jídla
                                        </a>
                                    </h3>

                                                                        <div class="categories-container">

                                                <a href="/mrazene/hotova-jidla/hlavni-jidla">
                                                    Hlavní jídla,
                                                </a>

                                                <a href="/mrazene/hotova-jidla/bezmasa-jidla">
                                                    Bezmasá jídla,
                                                </a>

                                                <a href="/mrazene/hotova-jidla/pizza">
                                                    Pizza,
                                                </a>

                                                <a href="/mrazene/hotova-jidla/obalovana">
                                                    Obalovaná,
                                                </a>

                                                <a href="/mrazene/hotova-jidla/ostatni">
                                                    Ostatní,
                                                </a>
                                        <a href="/mrazene/hotova-jidla">...</a>
                                    </div>
                                </div>
                                <div class="product-type">
                                    <a href="/mrazene/hranolky-a-krokety" class="product-type-image">
                                        <img data-src="https://cdn.kosik.cz/content/category/svg/menu/1089.svg" alt="Hranolky a krokety">
                                    </a>
                                    <h3>
                                        <a class="children" href="/mrazene/hranolky-a-krokety">
                                            Hranolky a krokety
                                        </a>
                                    </h3>

                                                                        <div class="categories-container">

                                                <a href="/mrazene/hranolky-a-krokety/hranolky">
                                                    Hranolky,
                                                </a>

                                                <a href="/mrazene/hranolky-a-krokety/krokety">
                                                    Krokety,
                                                </a>

                                                <a href="/mrazene/hranolky-a-krokety/zeleninove-hranolky">
                                                    Zeleninové hranolky,
                                                </a>

                                                <a href="/mrazene/hranolky-a-krokety/do-trouby">
                                                    Do trouby,
                                                </a>

                                        <a href="/mrazene/hranolky-a-krokety">...</a>
                                    </div>
                                </div>
                                <div class="product-type">
                                    <a href="/mrazene/zelenina-a-ovoce" class="product-type-image">
                                        <img data-src="https://cdn.kosik.cz/content/category/svg/menu/1097.svg" alt="Zelenina a ovoce">
                                    </a>
                                    <h3>
                                        <a class="children" href="/mrazene/zelenina-a-ovoce">
                                            Zelenina a ovoce
                                        </a>
                                    </h3>

                                                                        <div class="categories-container">

                                                <a href="/mrazene/zelenina-a-ovoce/spenat">
                                                    Špenát,
                                                </a>

                                                <a href="/mrazene/zelenina-a-ovoce/zelenina-jednodruhova">
                                                    Zelenina jednodruhová,
                                                </a>

                                                <a href="/mrazene/zelenina-a-ovoce/zeleninove-smesi">
                                                    Zeleninové směsi,
                                                </a>


                                                <a href="/mrazene/zelenina-a-ovoce/ovocne-smesi">
                                                    Ovocné směsi,
                                                </a>


                                        <a href="/mrazene/zelenina-a-ovoce">...</a>
                                    </div>
                                </div>
                                <div class="product-type">
                                    <a href="/mrazene/mrazene-maso-drubez-a-ryby" class="product-type-image">
                                        <img data-src="https://cdn.kosik.cz/content/category/svg/menu/1091.svg" alt="Mražené maso, drůbež a ryby">
                                    </a>
                                    <h3>
                                        <a class="children" href="/mrazene/mrazene-maso-drubez-a-ryby">
                                            Mražené maso, drůbež a ryby
                                        </a>
                                    </h3>

                                                                        <div class="categories-container">

                                                <a href="/mrazene/mrazene-maso-drubez-a-ryby/mrazena-drubez">
                                                    Mražená drůbež,
                                                </a>

                                                <a href="/mrazene/mrazene-maso-drubez-a-ryby/mrazene-maso">
                                                    Mražené maso,
                                                </a>

                                                <a href="/mrazene/mrazene-maso-drubez-a-ryby/mrazene-ryby">
                                                    Mražené ryby,
                                                </a>

                                        <a href="/mrazene/mrazene-maso-drubez-a-ryby">...</a>
                                    </div>
                                </div>
                                <div class="product-type">
                                    <a href="/mrazene/mrazene-pecivo-a-testo" class="product-type-image">
                                        <img data-src="https://cdn.kosik.cz/content/category/svg/menu/1096.svg" alt="Mražené pečivo a těsto">
                                    </a>
                                    <h3>
                                        <a class="children" href="/mrazene/mrazene-pecivo-a-testo">
                                            Mražené pečivo a těsto
                                        </a>
                                    </h3>

                                                                        <div class="categories-container">

                                                <a href="/mrazene/mrazene-pecivo-a-testo/pecivo-slane">
                                                    Pečivo slané,
                                                </a>

                                                <a href="/mrazene/mrazene-pecivo-a-testo/pecivo-sladke">
                                                    Pečivo sladké,
                                                </a>

                                                <a href="/mrazene/mrazene-pecivo-a-testo/testa">
                                                    Těsta,
                                                </a>
                                        <a href="/mrazene/mrazene-pecivo-a-testo">...</a>
                                    </div>
                                </div>
                                <div class="product-type">
                                    <a href="/mrazene/kolace-a-dorty" class="product-type-image">
                                        <img data-src="https://cdn.kosik.cz/content/category/svg/menu/1090.svg" alt="Koláče a dorty">
                                    </a>
                                    <h3>
                                        <a class="children" href="/mrazene/kolace-a-dorty">
                                            Koláče a dorty
                                        </a>
                                    </h3>

                                                                        <div class="categories-container">

                                                <a href="/mrazene/kolace-a-dorty/tvarohove">
                                                    Tvarohové,
                                                </a>

                                                <a href="/mrazene/kolace-a-dorty/ovocne">
                                                    Ovocné,
                                                </a>

                                                <a href="/mrazene/kolace-a-dorty/cokoladove">
                                                    Čokoládové,
                                                </a>
                                        <a href="/mrazene/kolace-a-dorty">...</a>
                                    </div>
                                </div>
                                <div class="product-type">
                                    <a href="/mrazene/zmrzliny" class="product-type-image">
                                        <img data-src="https://cdn.kosik.cz/content/category/svg/menu/1102.svg" alt="Zmrzliny">
                                    </a>
                                    <h3>
                                        <a class="children" href="/mrazene/zmrzliny">
                                            Zmrzliny
                                        </a>
                                    </h3>

                                                                        <div class="categories-container">

                                                <a href="/mrazene/zmrzliny/nanuky-a-kornouty">
                                                    Nanuky a kornouty,
                                                </a>

                                                <a href="/mrazene/zmrzliny/vanicky">
                                                    Vaničky,
                                                </a>

                                                <a href="/mrazene/zmrzliny/sorbet">
                                                    Sorbet,
                                                </a>
                                        <a href="/mrazene/zmrzliny">...</a>
                                    </div>
                                </div>
                            </div>
                        </div>
                    </div>
                </li>
                <li class="sub with-children"
                    data-open="false">
                    <a href="/napoje">
                        Nápoje
                    </a>
                        <span class="category-toggle-sub mobile-small-nav-show"
                              onclick="this.parentNode.classList.toggle('open')">
							<i class="fa fa-angle-down" aria-hidden="true"></i>
						</span>
                    <div class="block block-droped-category">
                        <div class="block-droped-category-inner">
                            <div class="category-product-list">

                                                                <div class="product-type">
                                    <a href="/napoje/poctive-piti" class="product-type-image">
                                        <img data-src="https://cdn.kosik.cz/content/category/svg/menu/1929.svg" alt="Poctivé pití">
                                    </a>
                                    <h3>
                                        <a class="children" href="/napoje/poctive-piti">
                                            Poctivé pití
                                        </a>
                                    </h3>

                                                                        <div class="categories-container">

                                                <a href="/napoje/poctive-piti/pivo-a-cider">
                                                    Pivo a cider,
                                                </a>

                                                <a href="/napoje/poctive-piti/limonady">
                                                    Limonády,
                                                </a>

                                                <a href="/napoje/poctive-piti/sirupy">
                                                    Sirupy,
                                                </a>

                                                <a href="/napoje/poctive-piti/mosty">
                                                    Mošty,
                                                </a>

                                                <a href="/napoje/poctive-piti/darkova-baleni">
                                                    Dárková balení,
                                                </a>
                                        <a href="/napoje/poctive-piti">...</a>
                                    </div>
                                </div>
                                <div class="product-type">
                                    <a href="/napoje/mineralni-a-pramenite" class="product-type-image">
                                        <img data-src="https://cdn.kosik.cz/content/category/svg/menu/1180.svg" alt="Minerální a pramenité">
                                    </a>
                                    <h3>
                                        <a class="children" href="/napoje/mineralni-a-pramenite">
                                            Minerální a pramenité
                                        </a>
                                    </h3>

                                                                        <div class="categories-container">

                                                <a href="/napoje/mineralni-a-pramenite/mineralni">
                                                    Minerální,
                                                </a>

                                                <a href="/napoje/mineralni-a-pramenite/pramenite">
                                                    Pramenité,
                                                </a>
                                        <a href="/napoje/mineralni-a-pramenite">...</a>
                                    </div>
                                </div>
                                <div class="product-type">
                                    <a href="/napoje/dzusy-a-detske" class="product-type-image">
                                        <img data-src="https://cdn.kosik.cz/content/category/svg/menu/1152.svg" alt="Džusy a dětské">
                                    </a>
                                    <h3>
                                        <a class="children" href="/napoje/dzusy-a-detske">
                                            Džusy a dětské
                                        </a>
                                    </h3>

                                                                        <div class="categories-container">

                                                <a href="/napoje/dzusy-a-detske/100-dzusy">
                                                    100% džusy,
                                                </a>

                                                <a href="/napoje/dzusy-a-detske/cerstve-dzusy">
                                                    Čerstvé džusy,
                                                </a>

                                                <a href="/napoje/dzusy-a-detske/mosty-a-100-stavy">
                                                    Mošty a 100% šťávy,
                                                </a>

                                                <a href="/napoje/dzusy-a-detske/nektary">
                                                    Nektary,
                                                </a>


                                        <a href="/napoje/dzusy-a-detske">...</a>
                                    </div>
                                </div>
                                <div class="product-type">
                                    <a href="/napoje/limonady-a-ledove-caje" class="product-type-image">
                                        <img data-src="https://cdn.kosik.cz/content/category/svg/menu/1171.svg" alt="Limonády a ledové čaje">
                                    </a>
                                    <h3>
                                        <a class="children" href="/napoje/limonady-a-ledove-caje">
                                            Limonády a ledové čaje
                                        </a>
                                    </h3>

                                                                        <div class="categories-container">

                                                <a href="/napoje/limonady-a-ledove-caje/limonady">
                                                    Limonády,
                                                </a>

                                                <a href="/napoje/limonady-a-ledove-caje/ledove-caje">
                                                    Ledové čaje,
                                                </a>
                                        <a href="/napoje/limonady-a-ledove-caje">...</a>
                                    </div>
                                </div>
                                <div class="product-type">
                                    <a href="/napoje/sirupy-a-koncentraty" class="product-type-image">
                                        <img data-src="https://cdn.kosik.cz/content/category/svg/menu/1207.svg" alt="Sirupy a koncentráty">
                                    </a>
                                    <h3>
                                        <a class="children" href="/napoje/sirupy-a-koncentraty">
                                            Sirupy a koncentráty
                                        </a>
                                    </h3>

                                                                        <div class="categories-container">

                                                <a href="/napoje/sirupy-a-koncentraty/sirupy">
                                                    Sirupy,
                                                </a>

                                                <a href="/napoje/sirupy-a-koncentraty/koncentraty">
                                                    Koncentráty,
                                                </a>

                                                <a href="/napoje/sirupy-a-koncentraty/barmanske-sirupy">
                                                    Barmanské sirupy,
                                                </a>
                                        <a href="/napoje/sirupy-a-koncentraty">...</a>
                                    </div>
                                </div>
                                <div class="product-type">
                                    <a href="/napoje/energy-drinky-iontove" class="product-type-image">
                                        <img data-src="https://cdn.kosik.cz/content/category/svg/menu/1159.svg" alt="Energy drinky, iontové">
                                    </a>
                                    <h3>
                                        <a class="children" href="/napoje/energy-drinky-iontove">
                                            Energy drinky, iontové
                                        </a>
                                    </h3>

                                                                    </div>
                                <div class="product-type">
                                    <a href="/napoje/caj-kava-a-ledova-kava" class="product-type-image">
                                        <img data-src="https://cdn.kosik.cz/content/category/svg/menu/1132.svg" alt="Čaj, káva a ledová káva">
                                    </a>
                                    <h3>
                                        <a class="children" href="/napoje/caj-kava-a-ledova-kava">
                                            Čaj, káva a ledová káva
                                        </a>
                                    </h3>

                                                                        <div class="categories-container">

                                                <a href="/napoje/caj-kava-a-ledova-kava/caj">
                                                    Čaj,
                                                </a>

                                                <a href="/napoje/caj-kava-a-ledova-kava/kava">
                                                    Káva,
                                                </a>

                                                <a href="/napoje/caj-kava-a-ledova-kava/ledova-kava">
                                                    Ledová káva,
                                                </a>
                                        <a href="/napoje/caj-kava-a-ledova-kava">...</a>
                                    </div>
                                </div>
                                <div class="product-type">
                                    <a href="/napoje/kakaa-cokolady-a-rozpustne" class="product-type-image">
                                        <img data-src="https://cdn.kosik.cz/content/category/svg/menu/1162.svg" alt="Kakaa, čokolády a rozpustné">
                                    </a>
                                    <h3>
                                        <a class="children" href="/napoje/kakaa-cokolady-a-rozpustne">
                                            Kakaa, čokolády a rozpustné
                                        </a>
                                    </h3>

                                                                        <div class="categories-container">


                                                <a href="/napoje/kakaa-cokolady-a-rozpustne/instantni-napoje">
                                                    Instantní nápoje,
                                                </a>

                                                <a href="/napoje/kakaa-cokolady-a-rozpustne/rozpustne-kavoviny">
                                                    Rozpustné kávoviny,
                                                </a>
                                        <a href="/napoje/kakaa-cokolady-a-rozpustne">...</a>
                                    </div>
                                </div>
                                <div class="product-type">
                                    <a href="/napoje/pivo" class="product-type-image">
                                        <img data-src="https://cdn.kosik.cz/content/category/svg/menu/1188.svg" alt="Pivo">
                                    </a>
                                    <h3>
                                        <a class="children" href="/napoje/pivo">
                                            Pivo
                                        </a>
                                    </h3>

                                                                        <div class="categories-container">

                                                <a href="/napoje/pivo/vycepni">
                                                    Výčepní,
                                                </a>

                                                <a href="/napoje/pivo/lezak">
                                                    Ležák,
                                                </a>

                                                <a href="/napoje/pivo/nealko">
                                                    Nealko,
                                                </a>

                                                <a href="/napoje/pivo/ale">
                                                    Ale,
                                                </a>

                                                <a href="/napoje/pivo/ochucene">
                                                    Ochucené,
                                                </a>

                                                <a href="/napoje/pivo/cider">
                                                    Cider,
                                                </a>

                                                <a href="/napoje/pivo/tmave">
                                                    Tmavé,
                                                </a>

                                                <a href="/napoje/pivo/psenicne">
                                                    Pšeničné,
                                                </a>



                                                <a href="/napoje/pivo/sudove">
                                                    Sudové,
                                                </a>


                                        <a href="/napoje/pivo">...</a>
                                    </div>
                                </div>
                                <div class="product-type">
                                    <a href="/napoje/vina" class="product-type-image">
                                        <img data-src="https://cdn.kosik.cz/content/category/svg/menu/1119.svg" alt="Vína">
                                    </a>
                                    <h3>
                                        <a class="children" href="/napoje/vina">
                                            Vína
                                        </a>
                                    </h3>

                                                                        <div class="categories-container">

                                                <a href="/napoje/vina/bila">
                                                    Bílá,
                                                </a>

                                                <a href="/napoje/vina/cervena">
                                                    Červená,
                                                </a>

                                                <a href="/napoje/vina/ruzova">
                                                    Řůžová,
                                                </a>

                                                <a href="/napoje/vina/sumiva-a-sampanske">
                                                    Šumivá a šampaňské,
                                                </a>
                                        <a href="/napoje/vina">...</a>
                                    </div>
                                </div>
                                <div class="product-type">
                                    <a href="/napoje/lihoviny" class="product-type-image">
                                        <img data-src="https://cdn.kosik.cz/content/category/svg/menu/1108.svg" alt="Lihoviny">
                                    </a>
                                    <h3>
                                        <a class="children" href="/napoje/lihoviny">
                                            Lihoviny
                                        </a>
                                    </h3>

                                                                        <div class="categories-container">

                                                <a href="/napoje/lihoviny/aperitivy">
                                                    Aperitivy,
                                                </a>

                                                <a href="/napoje/lihoviny/brandy-a-konak">
                                                    Brandy a koňak,
                                                </a>

                                                <a href="/napoje/lihoviny/gin-a-absinth">
                                                    Gin a absinth,
                                                </a>

                                                <a href="/napoje/lihoviny/rum">
                                                    Rum,
                                                </a>

                                                <a href="/napoje/lihoviny/vodka">
                                                    Vodka,
                                                </a>

                                                <a href="/napoje/lihoviny/whisky-a-bourbon">
                                                    Whisky a bourbon,
                                                </a>



                                        <a href="/napoje/lihoviny">...</a>
                                    </div>
                                </div>
                            </div>
                        </div>
                    </div>
                </li>
                <li class="sub with-children"
                    data-open="false">
                    <a href="/trvanlive">
                        Trvanlivé
                    </a>
                        <span class="category-toggle-sub mobile-small-nav-show"
                              onclick="this.parentNode.classList.toggle('open')">
							<i class="fa fa-angle-down" aria-hidden="true"></i>
						</span>
                    <div class="block block-droped-category">
                        <div class="block-droped-category-inner">
                            <div class="category-product-list">

                                                                <div class="product-type">
                                    <a href="/trvanlive/ocet-olej-cukr-sul-a-mouka" class="product-type-image">
                                        <img data-src="https://cdn.kosik.cz/content/category/svg/menu/1270.svg" alt="Ocet, olej, cukr, sůl a mouka">
                                    </a>
                                    <h3>
                                        <a class="children" href="/trvanlive/ocet-olej-cukr-sul-a-mouka">
                                            Ocet, olej, cukr, sůl a mouka
                                        </a>
                                    </h3>

                                                                        <div class="categories-container">

                                                <a href="/trvanlive/ocet-olej-cukr-sul-a-mouka/mouka">
                                                    Mouka,
                                                </a>

                                                <a href="/trvanlive/ocet-olej-cukr-sul-a-mouka/ocet">
                                                    Ocet,
                                                </a>

                                                <a href="/trvanlive/ocet-olej-cukr-sul-a-mouka/olej">
                                                    Olej,
                                                </a>

                                                <a href="/trvanlive/ocet-olej-cukr-sul-a-mouka/cukr">
                                                    Cukr,
                                                </a>

                                                <a href="/trvanlive/ocet-olej-cukr-sul-a-mouka/sul">
                                                    Sůl,
                                                </a>
                                        <a href="/trvanlive/ocet-olej-cukr-sul-a-mouka">...</a>
                                    </div>
                                </div>
                                <div class="product-type">
                                    <a href="/trvanlive/sladkosti" class="product-type-image">
                                        <img data-src="https://cdn.kosik.cz/content/category/svg/menu/1326.svg" alt="Sladkosti">
                                    </a>
                                    <h3>
                                        <a class="children" href="/trvanlive/sladkosti">
                                            Sladkosti
                                        </a>
                                    </h3>

                                                                        <div class="categories-container">

                                                <a href="/trvanlive/sladkosti/tabulkove-cokolady">
                                                    Tabulkové čokolády,
                                                </a>

                                                <a href="/trvanlive/sladkosti/cokoladove-tycinky">
                                                    Čokoládové tyčinky,
                                                </a>

                                                <a href="/trvanlive/sladkosti/bonboniery">
                                                    Bonboniéry,
                                                </a>




                                        <a href="/trvanlive/sladkosti">...</a>
                                    </div>
                                </div>
                                <div class="product-type">
                                    <a href="/trvanlive/ryze-lusteniny-testoviny-a-soja" class="product-type-image">
                                        <img data-src="https://cdn.kosik.cz/content/category/svg/menu/1295.svg" alt="Rýže, luštěniny, těstoviny a sója">
                                    </a>
                                    <h3>
                                        <a class="children" href="/trvanlive/ryze-lusteniny-testoviny-a-soja">
                                            Rýže, luštěniny, těstoviny a sója
                                        </a>
                                    </h3>

                                                                        <div class="categories-container">

                                                <a href="/trvanlive/ryze-lusteniny-testoviny-a-soja/ryze">
                                                    Rýže,
                                                </a>

                                                <a href="/trvanlive/ryze-lusteniny-testoviny-a-soja/lusteniny">
                                                    Luštěniny,
                                                </a>

                                                <a href="/trvanlive/ryze-lusteniny-testoviny-a-soja/testoviny">
                                                    Těstoviny,
                                                </a>
                                        <a href="/trvanlive/ryze-lusteniny-testoviny-a-soja">...</a>
                                    </div>
                                </div>
                                <div class="product-type">
                                    <a href="/trvanlive/slane" class="product-type-image">
                                        <img data-src="https://cdn.kosik.cz/content/category/svg/menu/1319.svg" alt="Slané">
                                    </a>
                                    <h3>
                                        <a class="children" href="/trvanlive/slane">
                                            Slané
                                        </a>
                                    </h3>

                                                                        <div class="categories-container">

                                                <a href="/trvanlive/slane/chipsy">
                                                    Chipsy,
                                                </a>

                                                <a href="/trvanlive/slane/krekry">
                                                    Krekry,
                                                </a>

                                                <a href="/trvanlive/slane/orisky-a-popcorn">
                                                    Oříšky a popcorn,
                                                </a>

                                                <a href="/trvanlive/slane/snacky">
                                                    Snacky,
                                                </a>
                                        <a href="/trvanlive/slane">...</a>
                                    </div>
                                </div>
                                <div class="product-type">
                                    <a href="/trvanlive/kecupy-horcice-kreny-a-protlaky" class="product-type-image">
                                        <img data-src="https://cdn.kosik.cz/content/category/svg/menu/1233.svg" alt="Kečupy, hořčice, křeny a protlaky">
                                    </a>
                                    <h3>
                                        <a class="children" href="/trvanlive/kecupy-horcice-kreny-a-protlaky">
                                            Kečupy, hořčice, křeny a protlaky
                                        </a>
                                    </h3>

                                                                        <div class="categories-container">

                                                <a href="/trvanlive/kecupy-horcice-kreny-a-protlaky/kecupy">
                                                    Kečupy,
                                                </a>

                                                <a href="/trvanlive/kecupy-horcice-kreny-a-protlaky/horcice">
                                                    Hořčice,
                                                </a>

                                                <a href="/trvanlive/kecupy-horcice-kreny-a-protlaky/kreny">
                                                    Křeny,
                                                </a>

                                                <a href="/trvanlive/kecupy-horcice-kreny-a-protlaky/protlaky">
                                                    Protlaky,
                                                </a>
                                        <a href="/trvanlive/kecupy-horcice-kreny-a-protlaky">...</a>
                                    </div>
                                </div>
                                <div class="product-type">
                                    <a href="/trvanlive/konzervovane-potraviny" class="product-type-image">
                                        <img data-src="https://cdn.kosik.cz/content/category/svg/menu/1238.svg" alt="Konzervované potraviny">
                                    </a>
                                    <h3>
                                        <a class="children" href="/trvanlive/konzervovane-potraviny">
                                            Konzervované potraviny
                                        </a>
                                    </h3>

                                                                        <div class="categories-container">

                                                <a href="/trvanlive/konzervovane-potraviny/zelenina">
                                                    Zelenina,
                                                </a>

                                                <a href="/trvanlive/konzervovane-potraviny/ovoce">
                                                    Ovoce,
                                                </a>

                                                <a href="/trvanlive/konzervovane-potraviny/maso-a-hotova-jidla">
                                                    Maso a hotová jídla,
                                                </a>

                                                <a href="/trvanlive/konzervovane-potraviny/pastiky">
                                                    Paštiky,
                                                </a>

                                                <a href="/trvanlive/konzervovane-potraviny/pomazanky">
                                                    Pomazánky,
                                                </a>

                                                <a href="/trvanlive/konzervovane-potraviny/ryby">
                                                    Ryby,
                                                </a>
                                        <a href="/trvanlive/konzervovane-potraviny">...</a>
                                    </div>
                                </div>
                                <div class="product-type">
                                    <a href="/trvanlive/mikulas-a-vanoce" class="product-type-image">
                                        <img data-src="https://cdn.kosik.cz/content/category/svg/menu/1318.svg" alt="Mikuláš a Vánoce">
                                    </a>
                                    <h3>
                                        <a class="children" href="/trvanlive/mikulas-a-vanoce">
                                            Mikuláš a Vánoce
                                        </a>
                                    </h3>

                                                                        <div class="categories-container">

                                                <a href="/trvanlive/mikulas-a-vanoce/vanocni-kolekce">
                                                    Vánoční kolekce,
                                                </a>

                                                <a href="/trvanlive/mikulas-a-vanoce/adventni-kalendare">
                                                    Adventní kalendáře,
                                                </a>

                                                <a href="/trvanlive/mikulas-a-vanoce/bonbony-a-cokolady">
                                                    Bonbóny a čokolády,
                                                </a>

                                        <a href="/trvanlive/mikulas-a-vanoce">...</a>
                                    </div>
                                </div>
                                <div class="product-type">
                                    <a href="/trvanlive/koreni-bujony-ochucovadla" class="product-type-image">
                                        <img data-src="https://cdn.kosik.cz/content/category/svg/menu/1266.svg" alt="Koření, bujóny, ochucovadla">
                                    </a>
                                    <h3>
                                        <a class="children" href="/trvanlive/koreni-bujony-ochucovadla">
                                            Koření, bujóny, ochucovadla
                                        </a>
                                    </h3>

                                                                        <div class="categories-container">

                                                <a href="/trvanlive/koreni-bujony-ochucovadla/koreni">
                                                    Koření,
                                                </a>

                                                <a href="/trvanlive/koreni-bujony-ochucovadla/bujony">
                                                    Bujóny,
                                                </a>

                                                <a href="/trvanlive/koreni-bujony-ochucovadla/ochucovadla">
                                                    Ochucovadla,
                                                </a>
                                        <a href="/trvanlive/koreni-bujony-ochucovadla">...</a>
                                    </div>
                                </div>
                                <div class="product-type">
                                    <a href="/trvanlive/prisady-na-vareni-a-peceni" class="product-type-image">
                                        <img data-src="https://cdn.kosik.cz/content/category/svg/menu/1280.svg" alt="Přísady na vaření a pečení">
                                    </a>
                                    <h3>
                                        <a class="children" href="/trvanlive/prisady-na-vareni-a-peceni">
                                            Přísady na vaření a pečení
                                        </a>
                                    </h3>

                                                                        <div class="categories-container">

                                                <a href="/trvanlive/prisady-na-vareni-a-peceni/prisady-na-peceni">
                                                    Přísady na pečení,
                                                </a>

                                                <a href="/trvanlive/prisady-na-vareni-a-peceni/omacky-v-prasku">
                                                    Omáčky v prášku,
                                                </a>

                                                <a href="/trvanlive/prisady-na-vareni-a-peceni/sladke-smesi">
                                                    Sladké směsi,
                                                </a>

                                                <a href="/trvanlive/prisady-na-vareni-a-peceni/pudinky">
                                                    Pudinky,
                                                </a>




                                        <a href="/trvanlive/prisady-na-vareni-a-peceni">...</a>
                                    </div>
                                </div>
                                <div class="product-type">
                                    <a href="/trvanlive/superfood" class="product-type-image">
                                        <img data-src="https://cdn.kosik.cz/content/category/svg/menu/1313.svg" alt="Superfood">
                                    </a>
                                    <h3>
                                        <a class="children" href="/trvanlive/superfood">
                                            Superfood
                                        </a>
                                    </h3>

                                                                        <div class="categories-container">

                                                <a href="/trvanlive/superfood/snidanove-smesi">
                                                    Snídaňové směsi,
                                                </a>


                                        <a href="/trvanlive/superfood">...</a>
                                    </div>
                                </div>
                                <div class="product-type">
                                    <a href="/trvanlive/dresingy-a-omacky" class="product-type-image">
                                        <img data-src="https://cdn.kosik.cz/content/category/svg/menu/1222.svg" alt="Dresingy a omáčky">
                                    </a>
                                    <h3>
                                        <a class="children" href="/trvanlive/dresingy-a-omacky">
                                            Dresingy a omáčky
                                        </a>
                                    </h3>

                                                                        <div class="categories-container">

                                                <a href="/trvanlive/dresingy-a-omacky/dresingy">
                                                    Dresingy,
                                                </a>

                                                <a href="/trvanlive/dresingy-a-omacky/omacky">
                                                    Omáčky,
                                                </a>
                                        <a href="/trvanlive/dresingy-a-omacky">...</a>
                                    </div>
                                </div>
                                <div class="product-type">
                                    <a href="/trvanlive/cerealie-a-musli" class="product-type-image">
                                        <img data-src="https://cdn.kosik.cz/content/category/svg/menu/1212.svg" alt="Cereálie a musli">
                                    </a>
                                    <h3>
                                        <a class="children" href="/trvanlive/cerealie-a-musli">
                                            Cereálie a musli
                                        </a>
                                    </h3>

                                                                        <div class="categories-container">


                                                <a href="/trvanlive/cerealie-a-musli/musli-a-ovesne-kase">
                                                    Musli a ovesné kaše,
                                                </a>

                                                <a href="/trvanlive/cerealie-a-musli/tycinky">
                                                    Tyčinky,
                                                </a>
                                        <a href="/trvanlive/cerealie-a-musli">...</a>
                                    </div>
                                </div>
                                <div class="product-type">
                                    <a href="/trvanlive/dzemy-medy-a-cokokremy" class="product-type-image">
                                        <img data-src="https://cdn.kosik.cz/content/category/svg/menu/1225.svg" alt="Džemy, medy a čokokrémy">
                                    </a>
                                    <h3>
                                        <a class="children" href="/trvanlive/dzemy-medy-a-cokokremy">
                                            Džemy, medy a čokokrémy
                                        </a>
                                    </h3>

                                                                        <div class="categories-container">

                                                <a href="/trvanlive/dzemy-medy-a-cokokremy/dzemy">
                                                    Džemy,
                                                </a>

                                                <a href="/trvanlive/dzemy-medy-a-cokokremy/medy">
                                                    Medy,
                                                </a>

                                                <a href="/trvanlive/dzemy-medy-a-cokokremy/cokokremy">
                                                    Čokokrémy,
                                                </a>

                                                <a href="/trvanlive/dzemy-medy-a-cokokremy/burakove-maslo">
                                                    Burákové máslo,
                                                </a>
                                        <a href="/trvanlive/dzemy-medy-a-cokokremy">...</a>
                                    </div>
                                </div>
                                <div class="product-type">
                                    <a href="/trvanlive/instantni-jidla-a-polevky" class="product-type-image">
                                        <img data-src="https://cdn.kosik.cz/content/category/svg/menu/1230.svg" alt="Instantní jídla a polévky">
                                    </a>
                                    <h3>
                                        <a class="children" href="/trvanlive/instantni-jidla-a-polevky">
                                            Instantní jídla a polévky
                                        </a>
                                    </h3>

                                                                        <div class="categories-container">

                                                <a href="/trvanlive/instantni-jidla-a-polevky/instantni-jidla">
                                                    Instantní jídla,
                                                </a>

                                                <a href="/trvanlive/instantni-jidla-a-polevky/instantni-polevky">
                                                    Instantní polévky,
                                                </a>
                                        <a href="/trvanlive/instantni-jidla-a-polevky">...</a>
                                    </div>
                                </div>
                                <div class="product-type">
                                    <a href="/trvanlive/mezinarodni-kuchyne" class="product-type-image">
                                        <img data-src="https://cdn.kosik.cz/content/category/svg/menu/1261.svg" alt="Mezinárodní kuchyně">
                                    </a>
                                    <h3>
                                        <a class="children" href="/trvanlive/mezinarodni-kuchyne">
                                            Mezinárodní kuchyně
                                        </a>
                                    </h3>

                                                                        <div class="categories-container">

                                                <a href="/trvanlive/mezinarodni-kuchyne/asijska">
                                                    Asijská,
                                                </a>

                                                <a href="/trvanlive/mezinarodni-kuchyne/mexicka">
                                                    Mexická,
                                                </a>

                                                <a href="/trvanlive/mezinarodni-kuchyne/stredomorska">
                                                    Středomořská,
                                                </a>

                                                <a href="/trvanlive/mezinarodni-kuchyne/thajska">
                                                    Thajská,
                                                </a>
                                        <a href="/trvanlive/mezinarodni-kuchyne">...</a>
                                    </div>
                                </div>
                            </div>
                        </div>
                    </div>
                </li>
                <li class="sub with-children"
                    data-open="false">
                    <a href="/mazlicci">
                        Mazlíčci
                    </a>
                        <span class="category-toggle-sub mobile-small-nav-show"
                              onclick="this.parentNode.classList.toggle('open')">
							<i class="fa fa-angle-down" aria-hidden="true"></i>
						</span>
                    <div class="block block-droped-category">
                        <div class="block-droped-category-inner">
                            <div class="category-product-list">

                                                                <div class="product-type">
                                    <a href="/mazlicci/kocky" class="product-type-image">
                                        <img data-src="https://cdn.kosik.cz/content/category/svg/menu/1579.svg" alt="Kočky">
                                    </a>
                                    <h3>
                                        <a class="children" href="/mazlicci/kocky">
                                            Kočky
                                        </a>
                                    </h3>

                                                                        <div class="categories-container">


                                                <a href="/mazlicci/kocky/konzervy-pro-kocky">
                                                    Konzervy pro kočky,
                                                </a>

                                                <a href="/mazlicci/kocky/kapsicky-pro-kocky">
                                                    Kapsičky pro kočky,
                                                </a>


                                                <a href="/mazlicci/kocky/hracky-pro-kocky">
                                                    Hračky pro kočky,
                                                </a>

                                                <a href="/mazlicci/kocky/steliva">
                                                    Steliva,
                                                </a>
                                        <a href="/mazlicci/kocky">...</a>
                                    </div>
                                </div>
                                <div class="product-type">
                                    <a href="/mazlicci/psi" class="product-type-image">
                                        <img data-src="https://cdn.kosik.cz/content/category/svg/menu/1580.svg" alt="Psi">
                                    </a>
                                    <h3>
                                        <a class="children" href="/mazlicci/psi">
                                            Psi
                                        </a>
                                    </h3>

                                                                        <div class="categories-container">

                                                <a href="/mazlicci/psi/granule-a-smesi-pro-psy">
                                                    Granule a směsi pro psy,
                                                </a>

                                                <a href="/mazlicci/psi/konzervy-pro-psy">
                                                    Konzervy pro psy,
                                                </a>


                                                <a href="/mazlicci/psi/hracky-a-pleny-pro-psy">
                                                    Hračky a pleny pro psy,
                                                </a>

                                        <a href="/mazlicci/psi">...</a>
                                    </div>
                                </div>
                                <div class="product-type">
                                    <a href="/mazlicci/hlodavci" class="product-type-image">
                                        <img data-src="https://cdn.kosik.cz/content/category/svg/menu/1364.svg" alt="Hlodavci">
                                    </a>
                                    <h3>
                                        <a class="children" href="/mazlicci/hlodavci">
                                            Hlodavci
                                        </a>
                                    </h3>

                                                                        <div class="categories-container">

                                                <a href="/mazlicci/hlodavci/krmiva">
                                                    Krmiva,
                                                </a>

                                                <a href="/mazlicci/hlodavci/steliva">
                                                    Steliva,
                                                </a>
                                        <a href="/mazlicci/hlodavci">...</a>
                                    </div>
                                </div>
                                <div class="product-type">
                                    <a href="/mazlicci/ptactvo" class="product-type-image">
                                        <img data-src="https://cdn.kosik.cz/content/category/svg/menu/1367.svg" alt="Ptactvo">
                                    </a>
                                    <h3>
                                        <a class="children" href="/mazlicci/ptactvo">
                                            Ptactvo
                                        </a>
                                    </h3>

                                                                    </div>
                            </div>
                        </div>
                    </div>
                </li>
                <li class="sub with-children"
                    data-open="false">
                    <a href="/deti">
                        Děti
                    </a>
                        <span class="category-toggle-sub mobile-small-nav-show"
                              onclick="this.parentNode.classList.toggle('open')">
							<i class="fa fa-angle-down" aria-hidden="true"></i>
						</span>
                    <div class="block block-droped-category">
                        <div class="block-droped-category-inner">
                            <div class="category-product-list">

                                                                <div class="product-type">
                                    <a href="/deti/detska-kosmetika" class="product-type-image">
                                        <img data-src="https://cdn.kosik.cz/content/category/svg/menu/1370.svg" alt="Dětská kosmetika">
                                    </a>
                                    <h3>
                                        <a class="children" href="/deti/detska-kosmetika">
                                            Dětská kosmetika
                                        </a>
                                    </h3>

                                                                        <div class="categories-container">


                                                <a href="/deti/detska-kosmetika/detske-kremy-a-oleje">
                                                    Dětské krémy a oleje,
                                                </a>


                                                <a href="/deti/detska-kosmetika/zubni-hygiena">
                                                    Zubní hygiena,
                                                </a>
                                        <a href="/deti/detska-kosmetika">...</a>
                                    </div>
                                </div>
                                <div class="product-type">
                                    <a href="/deti/jednorazove-pleny" class="product-type-image">
                                        <img data-src="https://cdn.kosik.cz/content/category/svg/menu/1592.svg" alt="Jednorázové pleny">
                                    </a>
                                    <h3>
                                        <a class="children" href="/deti/jednorazove-pleny">
                                            Jednorázové pleny
                                        </a>
                                    </h3>

                                                                        <div class="categories-container">

                                                <a href="/deti/jednorazove-pleny/velikost-1">
                                                    Velikost 1,
                                                </a>

                                                <a href="/deti/jednorazove-pleny/velikost-2">
                                                    Velikost 2,
                                                </a>

                                                <a href="/deti/jednorazove-pleny/velikost-3">
                                                    Velikost 3,
                                                </a>

                                                <a href="/deti/jednorazove-pleny/velikost-4">
                                                    Velikost 4,
                                                </a>

                                                <a href="/deti/jednorazove-pleny/velikost-5">
                                                    Velikost 5,
                                                </a>

                                                <a href="/deti/jednorazove-pleny/velikost-6">
                                                    Velikost 6,
                                                </a>
                                        <a href="/deti/jednorazove-pleny">...</a>
                                    </div>
                                </div>
                                <div class="product-type">
                                    <a href="/deti/eko" class="product-type-image">
                                        <img data-src="https://cdn.kosik.cz/content/category/svg/menu/1599.svg" alt="Eko">
                                    </a>
                                    <h3>
                                        <a class="children" href="/deti/eko">
                                            Eko
                                        </a>
                                    </h3>

                                                                        <div class="categories-container">

                                                <a href="/deti/eko/bio-pleny">
                                                    bio pleny,
                                                </a>
                                        <a href="/deti/eko">...</a>
                                    </div>
                                </div>
                                <div class="product-type">
                                    <a href="/deti/latkove-pleny" class="product-type-image">
                                        <img data-src="https://cdn.kosik.cz/content/category/svg/menu/1607.svg" alt="Látkové pleny">
                                    </a>
                                    <h3>
                                        <a class="children" href="/deti/latkove-pleny">
                                            Látkové pleny
                                        </a>
                                    </h3>

                                                                    </div>
                                <div class="product-type">
                                    <a href="/deti/prebalovaci-podlozky-a-vlhcene-ubrousky" class="product-type-image">
                                        <img data-src="https://cdn.kosik.cz/content/category/svg/menu/1608.svg" alt="Přebalovací podložky a vlhčené ubrousky">
                                    </a>
                                    <h3>
                                        <a class="children" href="/deti/prebalovaci-podlozky-a-vlhcene-ubrousky">
                                            Přebalovací podložky a vlhčené ubrousky
                                        </a>
                                    </h3>

                                                                    </div>
                                <div class="product-type">
                                    <a href="/deti/kojenecke-mleko-a-vyziva" class="product-type-image">
                                        <img data-src="https://cdn.kosik.cz/content/category/svg/menu/1609.svg" alt="Kojenecké mléko a výživa">
                                    </a>
                                    <h3>
                                        <a class="children" href="/deti/kojenecke-mleko-a-vyziva">
                                            Kojenecké mléko a výživa
                                        </a>
                                    </h3>

                                                                        <div class="categories-container">

                                                <a href="/deti/kojenecke-mleko-a-vyziva/bio-vyziva">
                                                    BIO výživa,
                                                </a>

                                                <a href="/deti/kojenecke-mleko-a-vyziva/kojenecka-mleka">
                                                    Kojenecká mléka,
                                                </a>

                                                <a href="/deti/kojenecke-mleko-a-vyziva/detske-kase">
                                                    Dětské kaše,
                                                </a>

                                                <a href="/deti/kojenecke-mleko-a-vyziva/kojenecke-prikrmy">
                                                    Kojenecké příkrmy,
                                                </a>

                                        <a href="/deti/kojenecke-mleko-a-vyziva">...</a>
                                    </div>
                                </div>
                                <div class="product-type">
                                    <a href="/deti/kojenecke-vody-a-napoje" class="product-type-image">
                                        <img data-src="https://cdn.kosik.cz/content/category/svg/menu/1619.svg" alt="Kojenecké vody a nápoje">
                                    </a>
                                    <h3>
                                        <a class="children" href="/deti/kojenecke-vody-a-napoje">
                                            Kojenecké vody a nápoje
                                        </a>
                                    </h3>

                                                                        <div class="categories-container">

                                                <a href="/deti/kojenecke-vody-a-napoje/vody">
                                                    Vody,
                                                </a>

                                                <a href="/deti/kojenecke-vody-a-napoje/caje">
                                                    Čaje,
                                                </a>

                                                <a href="/deti/kojenecke-vody-a-napoje/stavy">
                                                    Šťávy,
                                                </a>
                                        <a href="/deti/kojenecke-vody-a-napoje">...</a>
                                    </div>
                                </div>
                                <div class="product-type">
                                    <a href="/deti/hracky" class="product-type-image">
                                        <img data-src="https://cdn.kosik.cz/content/category/svg/menu/1373.svg" alt="Hračky">
                                    </a>
                                    <h3>
                                        <a class="children" href="/deti/hracky">
                                            Hračky
                                        </a>
                                    </h3>

                                                                        <div class="categories-container">

                                                <a href="/deti/hracky/hracky-pro-nejmensi">
                                                    Hračky pro nejmenší,
                                                </a>

                                        <a href="/deti/hracky">...</a>
                                    </div>
                                </div>
                                <div class="product-type">
                                    <a href="/deti/hry" class="product-type-image">
                                        <img data-src="https://cdn.kosik.cz/content/category/svg/menu/1376.svg" alt="Hry">
                                    </a>
                                    <h3>
                                        <a class="children" href="/deti/hry">
                                            Hry
                                        </a>
                                    </h3>

                                                                    </div>
                                <div class="product-type">
                                    <a href="/deti/kojenecke-potreby" class="product-type-image">
                                        <img data-src="https://cdn.kosik.cz/content/category/svg/menu/1377.svg" alt="Kojenecké potřeby">
                                    </a>
                                    <h3>
                                        <a class="children" href="/deti/kojenecke-potreby">
                                            Kojenecké potřeby
                                        </a>
                                    </h3>

                                                                        <div class="categories-container">

                                                <a href="/deti/kojenecke-potreby/lahve-a-dudliky">
                                                    Láhve a dudlíky,
                                                </a>

                                                <a href="/deti/kojenecke-potreby/potreby-na-kocarek">
                                                    Potřeby na kočárek,
                                                </a>

                                                <a href="/deti/kojenecke-potreby/osusky-a-bryndacky">
                                                    Osušky a bryndáčky,
                                                </a>

                                        <a href="/deti/kojenecke-potreby">...</a>
                                    </div>
                                </div>
                                <div class="product-type">
                                    <a href="/deti/tehotenstvi-kojeni" class="product-type-image">
                                        <img data-src="https://cdn.kosik.cz/content/category/svg/menu/1382.svg" alt="Těhotenství, kojení">
                                    </a>
                                    <h3>
                                        <a class="children" href="/deti/tehotenstvi-kojeni">
                                            Těhotenství, kojení
                                        </a>
                                    </h3>

                                                                        <div class="categories-container">

                                                <a href="/deti/tehotenstvi-kojeni/vyziva">
                                                    Výživa,
                                                </a>

                                                <a href="/deti/tehotenstvi-kojeni/napoje-pro-maminky">
                                                    Nápoje pro maminky,
                                                </a>

                                        <a href="/deti/tehotenstvi-kojeni">...</a>
                                    </div>
                                </div>
                                <div class="product-type">
                                    <a href="/deti/potreby-pro-skolaky" class="product-type-image">
                                        <img data-src="https://cdn.kosik.cz/content/category/svg/menu/1386.svg" alt="Potřeby pro školáky">
                                    </a>
                                    <h3>
                                        <a class="children" href="/deti/potreby-pro-skolaky">
                                            Potřeby pro školáky
                                        </a>
                                    </h3>

                                                                        <div class="categories-container">

                                                <a href="/deti/potreby-pro-skolaky/psaci-potreby">
                                                    Psací potřeby,
                                                </a>

                                                <a href="/deti/potreby-pro-skolaky/vytvarne-potreby">
                                                    Výtvarné potřeby,
                                                </a>

                                                <a href="/deti/potreby-pro-skolaky/sacky-na-backurky">
                                                    Sáčky na bačkůrky,
                                                </a>
                                        <a href="/deti/potreby-pro-skolaky">...</a>
                                    </div>
                                </div>
                            </div>
                        </div>
                    </div>
                </li>
                <li class="sub with-children"
                    data-open="false">
                    <a href="/domacnost-a-zahrada">
                        Domácnost a zahrada
                    </a>
                        <span class="category-toggle-sub mobile-small-nav-show"
                              onclick="this.parentNode.classList.toggle('open')">
							<i class="fa fa-angle-down" aria-hidden="true"></i>
						</span>
                    <div class="block block-droped-category">
                        <div class="block-droped-category-inner">
                            <div class="category-product-list">

                                                                <div class="product-type">
                                    <a href="/domacnost-a-zahrada/kuchyne" class="product-type-image">
                                        <img data-src="https://cdn.kosik.cz/content/category/svg/menu/1391.svg" alt="Kuchyně">
                                    </a>
                                    <h3>
                                        <a class="children" href="/domacnost-a-zahrada/kuchyne">
                                            Kuchyně
                                        </a>
                                    </h3>

                                                                        <div class="categories-container">

                                                <a href="/domacnost-a-zahrada/kuchyne/pytle-do-kosu-a-kose">
                                                    Pytle do košů a koše,
                                                </a>

                                                <a href="/domacnost-a-zahrada/kuchyne/stolovani">
                                                    Stolování,
                                                </a>

                                                <a href="/domacnost-a-zahrada/kuchyne/kuchynske-potreby">
                                                    Kuchyňské potřeby,
                                                </a>

                                        <a href="/domacnost-a-zahrada/kuchyne">...</a>
                                    </div>
                                </div>
                                <div class="product-type">
                                    <a href="/domacnost-a-zahrada/vanoce-sezonni-dekorace" class="product-type-image">
                                        <img data-src="https://cdn.kosik.cz/content/category/svg/menu/1451.svg" alt="Vánoce - sezonní dekorace">
                                    </a>
                                    <h3>
                                        <a class="children" href="/domacnost-a-zahrada/vanoce-sezonni-dekorace">
                                            Vánoce - sezonní dekorace
                                        </a>
                                    </h3>

                                                                    </div>
                                <div class="product-type">
                                    <a href="/domacnost-a-zahrada/dum-a-byt" class="product-type-image">
                                        <img data-src="https://cdn.kosik.cz/content/category/svg/menu/1405.svg" alt="Dům a byt">
                                    </a>
                                    <h3>
                                        <a class="children" href="/domacnost-a-zahrada/dum-a-byt">
                                            Dům a byt
                                        </a>
                                    </h3>

                                                                        <div class="categories-container">

                                                <a href="/domacnost-a-zahrada/dum-a-byt/pomucky-k-uklidu">
                                                    Pomůcky k úklidu,
                                                </a>

                                                <a href="/domacnost-a-zahrada/dum-a-byt/domaci-textil">
                                                    Domácí textil,
                                                </a>


                                                <a href="/domacnost-a-zahrada/dum-a-byt/svicky-a-vune">
                                                    Svíčky a vůně,
                                                </a>


                                                <a href="/domacnost-a-zahrada/dum-a-byt/pece-o-obuv">
                                                    Péče o obuv,
                                                </a>

                                        <a href="/domacnost-a-zahrada/dum-a-byt">...</a>
                                    </div>
                                </div>
                                <div class="product-type">
                                    <a href="/domacnost-a-zahrada/kucharky" class="product-type-image">
                                        <img data-src="https://cdn.kosik.cz/content/category/svg/menu/1438.svg" alt="Kuchařky">
                                    </a>
                                    <h3>
                                        <a class="children" href="/domacnost-a-zahrada/kucharky">
                                            Kuchařky
                                        </a>
                                    </h3>

                                                                    </div>
                                <div class="product-type">
                                    <a href="/domacnost-a-zahrada/zahrada" class="product-type-image">
                                        <img data-src="https://cdn.kosik.cz/content/category/svg/menu/1427.svg" alt="Zahrada">
                                    </a>
                                    <h3>
                                        <a class="children" href="/domacnost-a-zahrada/zahrada">
                                            Zahrada
                                        </a>
                                    </h3>

                                                                        <div class="categories-container">



                                                <a href="/domacnost-a-zahrada/zahrada/semena">
                                                    Semena,
                                                </a>

                                                <a href="/domacnost-a-zahrada/zahrada/doplnky">
                                                    Doplňky,
                                                </a>

                                                <a href="/domacnost-a-zahrada/zahrada/bazenova-chemie">
                                                    Bazénová chemie,
                                                </a>
                                        <a href="/domacnost-a-zahrada/zahrada">...</a>
                                    </div>
                                </div>
                                <div class="product-type">
                                    <a href="/domacnost-a-zahrada/grilovani" class="product-type-image">
                                        <img data-src="https://cdn.kosik.cz/content/category/svg/menu/1439.svg" alt="Grilování">
                                    </a>
                                    <h3>
                                        <a class="children" href="/domacnost-a-zahrada/grilovani">
                                            Grilování
                                        </a>
                                    </h3>

                                                                        <div class="categories-container">

                                                <a href="/domacnost-a-zahrada/grilovani/grily">
                                                    Grily,
                                                </a>


                                        <a href="/domacnost-a-zahrada/grilovani">...</a>
                                    </div>
                                </div>
                                <div class="product-type">
                                    <a href="/domacnost-a-zahrada/kancelar" class="product-type-image">
                                        <img data-src="https://cdn.kosik.cz/content/category/svg/menu/1393.svg" alt="Kancelář">
                                    </a>
                                    <h3>
                                        <a class="children" href="/domacnost-a-zahrada/kancelar">
                                            Kancelář
                                        </a>
                                    </h3>

                                                                        <div class="categories-container">

                                                <a href="/domacnost-a-zahrada/kancelar/kancelarske-potreby">
                                                    Kancelářské potřeby,
                                                </a>

                                                <a href="/domacnost-a-zahrada/kancelar/papirnictvi">
                                                    Papírnictví,
                                                </a>

                                                <a href="/domacnost-a-zahrada/kancelar/trideni-archivace">
                                                    Třídění, archivace,
                                                </a>
                                        <a href="/domacnost-a-zahrada/kancelar">...</a>
                                    </div>
                                </div>
                                <div class="product-type">
                                    <a href="/domacnost-a-zahrada/lekarna" class="product-type-image">
                                        <img data-src="https://cdn.kosik.cz/content/category/svg/menu/1398.svg" alt="Lékárna">
                                    </a>
                                    <h3>
                                        <a class="children" href="/domacnost-a-zahrada/lekarna">
                                            Lékárna
                                        </a>
                                    </h3>

                                                                        <div class="categories-container">

                                                <a href="/domacnost-a-zahrada/lekarna/vyziva-a-hubnuti">
                                                    Výživa a hubnutí,
                                                </a>


                                                <a href="/domacnost-a-zahrada/lekarna/vyziva-pro-sportovce">
                                                    Výživa pro sportovce,
                                                </a>

                                                <a href="/domacnost-a-zahrada/lekarna/myti-bez-vody">
                                                    Mytí bez vody,
                                                </a>




                                        <a href="/domacnost-a-zahrada/lekarna">...</a>
                                    </div>
                                </div>
                                <div class="product-type">
                                    <a href="/domacnost-a-zahrada/fitness" class="product-type-image">
                                        <img data-src="https://cdn.kosik.cz/content/category/svg/menu/1403.svg" alt="Fitness">
                                    </a>
                                    <h3>
                                        <a class="children" href="/domacnost-a-zahrada/fitness">
                                            Fitness
                                        </a>
                                    </h3>

                                                                        <div class="categories-container">

                                                <a href="/domacnost-a-zahrada/fitness/sportovni-vyziva">
                                                    Sportovní výživa,
                                                </a>
                                        <a href="/domacnost-a-zahrada/fitness">...</a>
                                    </div>
                                </div>
                            </div>
                        </div>
                    </div>
                </li>
                <li class="sub with-children"
                    data-open="false">
                    <a href="/drogerie">
                        Drogerie
                    </a>
                        <span class="category-toggle-sub mobile-small-nav-show"
                              onclick="this.parentNode.classList.toggle('open')">
							<i class="fa fa-angle-down" aria-hidden="true"></i>
						</span>
                    <div class="block block-droped-category">
                        <div class="block-droped-category-inner">
                            <div class="category-product-list">

                                                                <div class="product-type">
                                    <a href="/drogerie/pece-o-telo" class="product-type-image">
                                        <img data-src="https://cdn.kosik.cz/content/category/svg/menu/1531.svg" alt="Péče o tělo">
                                    </a>
                                    <h3>
                                        <a class="children" href="/drogerie/pece-o-telo">
                                            Péče o tělo
                                        </a>
                                    </h3>

                                                                        <div class="categories-container">

                                                <a href="/drogerie/pece-o-telo/telova-mleka-a-kremy">
                                                    Tělová mléka a krémy,
                                                </a>

                                                <a href="/drogerie/pece-o-telo/pece-o-ruce">
                                                    Péče o ruce,
                                                </a>

                                                <a href="/drogerie/pece-o-telo/pece-o-nohy">
                                                    Péče o nohy,
                                                </a>


                                                <a href="/drogerie/pece-o-telo/repelenty">
                                                    Repelenty,
                                                </a>
                                        <a href="/drogerie/pece-o-telo">...</a>
                                    </div>
                                </div>
                                <div class="product-type">
                                    <a href="/drogerie/darkove-sady" class="product-type-image">
                                        <img data-src="https://cdn.kosik.cz/content/category/svg/menu/1571.svg" alt="Dárkové sady">
                                    </a>
                                    <h3>
                                        <a class="children" href="/drogerie/darkove-sady">
                                            Dárkové sady
                                        </a>
                                    </h3>

                                                                        <div class="categories-container">

                                                <a href="/drogerie/darkove-sady/pro-zeny">
                                                    Pro ženy,
                                                </a>

                                                <a href="/drogerie/darkove-sady/pro-muze">
                                                    Pro muže,
                                                </a>

                                                <a href="/drogerie/darkove-sady/pro-deti">
                                                    Pro děti,
                                                </a>

                                                <a href="/drogerie/darkove-sady/unisex">
                                                    Unisex,
                                                </a>
                                        <a href="/drogerie/darkove-sady">...</a>
                                    </div>
                                </div>
                                <div class="product-type">
                                    <a href="/drogerie/praci-prostredky" class="product-type-image">
                                        <img data-src="https://cdn.kosik.cz/content/category/svg/menu/1456.svg" alt="Prací prostředky">
                                    </a>
                                    <h3>
                                        <a class="children" href="/drogerie/praci-prostredky">
                                            Prací prostředky
                                        </a>
                                    </h3>

                                                                        <div class="categories-container">

                                                <a href="/drogerie/praci-prostredky/prasky">
                                                    Prášky,
                                                </a>

                                                <a href="/drogerie/praci-prostredky/gely">
                                                    Gely,
                                                </a>

                                                <a href="/drogerie/praci-prostredky/kapsle">
                                                    Kapsle,
                                                </a>

                                                <a href="/drogerie/praci-prostredky/avivaze">
                                                    Aviváže,
                                                </a>

                                                <a href="/drogerie/praci-prostredky/detske-prani">
                                                    Dětské praní,
                                                </a>

                                                <a href="/drogerie/praci-prostredky/odstranovace-skvrn">
                                                    Odstraňovače skvrn,
                                                </a>
                                        <a href="/drogerie/praci-prostredky">...</a>
                                    </div>
                                </div>
                                <div class="product-type">
                                    <a href="/drogerie/cistici-prostredky" class="product-type-image">
                                        <img data-src="https://cdn.kosik.cz/content/category/svg/menu/1464.svg" alt="Čistící prostředky">
                                    </a>
                                    <h3>
                                        <a class="children" href="/drogerie/cistici-prostredky">
                                            Čistící prostředky
                                        </a>
                                    </h3>

                                                                        <div class="categories-container">

                                                <a href="/drogerie/cistici-prostredky/koupelna">
                                                    Koupelna,
                                                </a>

                                                <a href="/drogerie/cistici-prostredky/kuchyn">
                                                    Kuchyň,
                                                </a>

                                                <a href="/drogerie/cistici-prostredky/toaleta">
                                                    Toaleta,
                                                </a>

                                                <a href="/drogerie/cistici-prostredky/podlahy-a-koberce">
                                                    Podlahy a koberce,
                                                </a>

                                                <a href="/drogerie/cistici-prostredky/okna">
                                                    Okna,
                                                </a>

                                                <a href="/drogerie/cistici-prostredky/nabytek">
                                                    Nábytek,
                                                </a>

                                                <a href="/drogerie/cistici-prostredky/univerzalni">
                                                    Univerzální,
                                                </a>



                                        <a href="/drogerie/cistici-prostredky">...</a>
                                    </div>
                                </div>
                                <div class="product-type">
                                    <a href="/drogerie/myti-nadobi" class="product-type-image">
                                        <img data-src="https://cdn.kosik.cz/content/category/svg/menu/1551.svg" alt="Mytí nádobí">
                                    </a>
                                    <h3>
                                        <a class="children" href="/drogerie/myti-nadobi">
                                            Mytí nádobí
                                        </a>
                                    </h3>

                                                                        <div class="categories-container">

                                                <a href="/drogerie/myti-nadobi/prostredky-do-mycky">
                                                    Prostředky do myčky,
                                                </a>

                                                <a href="/drogerie/myti-nadobi/rucni-myti">
                                                    Ruční mytí,
                                                </a>

                                                <a href="/drogerie/myti-nadobi/hadriky-a-houbicky">
                                                    Hadříky a houbičky,
                                                </a>
                                        <a href="/drogerie/myti-nadobi">...</a>
                                    </div>
                                </div>
                                <div class="product-type">
                                    <a href="/drogerie/toaletni-papir-kapesniky-kuchynske-uterky" class="product-type-image">
                                        <img data-src="https://cdn.kosik.cz/content/category/svg/menu/1561.svg" alt="Toaletní papír, kapesníky, kuchyňské utěrky">
                                    </a>
                                    <h3>
                                        <a class="children" href="/drogerie/toaletni-papir-kapesniky-kuchynske-uterky">
                                            Toaletní papír, kapesníky, kuchyňské utěrky
                                        </a>
                                    </h3>

                                                                        <div class="categories-container">

                                                <a href="/drogerie/toaletni-papir-kapesniky-kuchynske-uterky/toaletni-papiry">
                                                    Toaletní papíry,
                                                </a>

                                                <a href="/drogerie/toaletni-papir-kapesniky-kuchynske-uterky/kapesniky">
                                                    Kapesníky,
                                                </a>

                                                <a href="/drogerie/toaletni-papir-kapesniky-kuchynske-uterky/kuchynske-uterky">
                                                    Kuchyňské utěrky,
                                                </a>
                                        <a href="/drogerie/toaletni-papir-kapesniky-kuchynske-uterky">...</a>
                                    </div>
                                </div>
                                <div class="product-type">
                                    <a href="/drogerie/sprchove-gely-mydla-peny" class="product-type-image">
                                        <img data-src="https://cdn.kosik.cz/content/category/svg/menu/1514.svg" alt="Sprchové gely, mýdla, pěny">
                                    </a>
                                    <h3>
                                        <a class="children" href="/drogerie/sprchove-gely-mydla-peny">
                                            Sprchové gely, mýdla, pěny
                                        </a>
                                    </h3>

                                                                        <div class="categories-container">

                                                <a href="/drogerie/sprchove-gely-mydla-peny/sprchove-gely">
                                                    Sprchové gely,
                                                </a>

                                                <a href="/drogerie/sprchove-gely-mydla-peny/mydla">
                                                    Mýdla,
                                                </a>

                                                <a href="/drogerie/sprchove-gely-mydla-peny/peny-a-oleje-do-koupele">
                                                    Pěny a oleje do koupele,
                                                </a>
                                        <a href="/drogerie/sprchove-gely-mydla-peny">...</a>
                                    </div>
                                </div>
                                <div class="product-type">
                                    <a href="/drogerie/pece-o-vlasy" class="product-type-image">
                                        <img data-src="https://cdn.kosik.cz/content/category/svg/menu/1523.svg" alt="Péče o vlasy">
                                    </a>
                                    <h3>
                                        <a class="children" href="/drogerie/pece-o-vlasy">
                                            Péče o vlasy
                                        </a>
                                    </h3>

                                                                        <div class="categories-container">

                                                <a href="/drogerie/pece-o-vlasy/sampony">
                                                    Šampony,
                                                </a>

                                                <a href="/drogerie/pece-o-vlasy/kondicionery">
                                                    Kondicionéry,
                                                </a>

                                                <a href="/drogerie/pece-o-vlasy/laky">
                                                    Laky,
                                                </a>

                                                <a href="/drogerie/pece-o-vlasy/tuzidla">
                                                    Tužidla,
                                                </a>

                                                <a href="/drogerie/pece-o-vlasy/gely">
                                                    Gely,
                                                </a>

                                                <a href="/drogerie/pece-o-vlasy/barvy-na-vlasy">
                                                    Barvy na vlasy,
                                                </a>
                                        <a href="/drogerie/pece-o-vlasy">...</a>
                                    </div>
                                </div>
                                <div class="product-type">
                                    <a href="/drogerie/pece-o-plet" class="product-type-image">
                                        <img data-src="https://cdn.kosik.cz/content/category/svg/menu/1541.svg" alt="Péče o pleť">
                                    </a>
                                    <h3>
                                        <a class="children" href="/drogerie/pece-o-plet">
                                            Péče o pleť
                                        </a>
                                    </h3>

                                                                        <div class="categories-container">

                                                <a href="/drogerie/pece-o-plet/pletove-kremy">
                                                    Pleťové krémy,
                                                </a>

                                                <a href="/drogerie/pece-o-plet/odlicovani">
                                                    Odličování,
                                                </a>

                                                <a href="/drogerie/pece-o-plet/masky-a-peelingy">
                                                    Masky a peelingy,
                                                </a>

                                                <a href="/drogerie/pece-o-plet/pece-o-rty">
                                                    Péče o rty,
                                                </a>

                                        <a href="/drogerie/pece-o-plet">...</a>
                                    </div>
                                </div>
                                <div class="product-type">
                                    <a href="/drogerie/ustni-hygiena" class="product-type-image">
                                        <img data-src="https://cdn.kosik.cz/content/category/svg/menu/1502.svg" alt="Ústní hygiena">
                                    </a>
                                    <h3>
                                        <a class="children" href="/drogerie/ustni-hygiena">
                                            Ústní hygiena
                                        </a>
                                    </h3>

                                                                        <div class="categories-container">

                                                <a href="/drogerie/ustni-hygiena/zubni-pasty">
                                                    Zubní pasty,
                                                </a>

                                                <a href="/drogerie/ustni-hygiena/zubni-kartacky">
                                                    Zubní kartáčky,
                                                </a>

                                                <a href="/drogerie/ustni-hygiena/ustni-vody">
                                                    Ústní vody,
                                                </a>

                                                <a href="/drogerie/ustni-hygiena/mezizubni-pece">
                                                    Mezizubní péče,
                                                </a>

                                        <a href="/drogerie/ustni-hygiena">...</a>
                                    </div>
                                </div>
                                <div class="product-type">
                                    <a href="/drogerie/deodoranty-a-antiperspiranty" class="product-type-image">
                                        <img data-src="https://cdn.kosik.cz/content/category/svg/menu/1477.svg" alt="Deodoranty a antiperspiranty">
                                    </a>
                                    <h3>
                                        <a class="children" href="/drogerie/deodoranty-a-antiperspiranty">
                                            Deodoranty a antiperspiranty
                                        </a>
                                    </h3>

                                                                        <div class="categories-container">

                                                <a href="/drogerie/deodoranty-a-antiperspiranty/damske">
                                                    Dámské,
                                                </a>

                                                <a href="/drogerie/deodoranty-a-antiperspiranty/panske">
                                                    Pánské,
                                                </a>
                                        <a href="/drogerie/deodoranty-a-antiperspiranty">...</a>
                                    </div>
                                </div>
                                <div class="product-type">
                                    <a href="/drogerie/holeni-a-epilace" class="product-type-image">
                                        <img data-src="https://cdn.kosik.cz/content/category/svg/menu/1493.svg" alt="Holení a epilace">
                                    </a>
                                    <h3>
                                        <a class="children" href="/drogerie/holeni-a-epilace">
                                            Holení a epilace
                                        </a>
                                    </h3>

                                                                        <div class="categories-container">

                                                <a href="/drogerie/holeni-a-epilace/damske">
                                                    Dámské,
                                                </a>

                                                <a href="/drogerie/holeni-a-epilace/panske">
                                                    Pánské,
                                                </a>
                                        <a href="/drogerie/holeni-a-epilace">...</a>
                                    </div>
                                </div>
                                <div class="product-type">
                                    <a href="/drogerie/damska-hygiena" class="product-type-image">
                                        <img data-src="https://cdn.kosik.cz/content/category/svg/menu/1508.svg" alt="Dámská hygiena">
                                    </a>
                                    <h3>
                                        <a class="children" href="/drogerie/damska-hygiena">
                                            Dámská hygiena
                                        </a>
                                    </h3>

                                                                        <div class="categories-container">

                                                <a href="/drogerie/damska-hygiena/vlozky">
                                                    Vložky,
                                                </a>

                                                <a href="/drogerie/damska-hygiena/tampony">
                                                    Tampóny,
                                                </a>

                                                <a href="/drogerie/damska-hygiena/intimni-hygiena">
                                                    Intimní hygiena,
                                                </a>
                                        <a href="/drogerie/damska-hygiena">...</a>
                                    </div>
                                </div>
                                <div class="product-type">
                                    <a href="/drogerie/eko-drogerie-a-kosmetika" class="product-type-image">
                                        <img data-src="https://cdn.kosik.cz/content/category/svg/menu/1488.svg" alt="Eko drogerie a kosmetika">
                                    </a>
                                    <h3>
                                        <a class="children" href="/drogerie/eko-drogerie-a-kosmetika">
                                            Eko drogerie a kosmetika
                                        </a>
                                    </h3>

                                                                        <div class="categories-container">

                                                <a href="/drogerie/eko-drogerie-a-kosmetika/prani">
                                                    Praní,
                                                </a>

                                                <a href="/drogerie/eko-drogerie-a-kosmetika/myti-nadobi">
                                                    Mytí nádobí,
                                                </a>

                                                <a href="/drogerie/eko-drogerie-a-kosmetika/cistici-prostredky">
                                                    Čistící prostředky,
                                                </a>

                                                <a href="/drogerie/eko-drogerie-a-kosmetika/prirodni-kosmetika">
                                                    Přírodní kosmetika,
                                                </a>
                                        <a href="/drogerie/eko-drogerie-a-kosmetika">...</a>
                                    </div>
                                </div>
                                <div class="product-type">
                                    <a href="/drogerie/pece-o-zdravi" class="product-type-image">
                                        <img data-src="https://cdn.kosik.cz/content/category/svg/menu/1565.svg" alt="Péče o zdraví">
                                    </a>
                                    <h3>
                                        <a class="children" href="/drogerie/pece-o-zdravi">
                                            Péče o zdraví
                                        </a>
                                    </h3>

                                                                        <div class="categories-container">

                                                <a href="/drogerie/pece-o-zdravi/intimni-chvile">
                                                    Intimní chvíle,
                                                </a>

                                                <a href="/drogerie/pece-o-zdravi/masazni-emulze">
                                                    Masážní emulze,
                                                </a>

                                                <a href="/drogerie/pece-o-zdravi/pece-o-telo-a-vlasy">
                                                    Péče o tělo a vlasy,
                                                </a>
                                        <a href="/drogerie/pece-o-zdravi">...</a>
                                    </div>
                                </div>
                            </div>
                        </div>
                    </div>
                </li>
                <li class="sub with-children"
                    data-open="false">
                    <a href="/trafika">
                        Trafika
                    </a>
                        <span class="category-toggle-sub mobile-small-nav-show"
                              onclick="this.parentNode.classList.toggle('open')">
							<i class="fa fa-angle-down" aria-hidden="true"></i>
						</span>
                    <div class="block block-droped-category">
                        <div class="block-droped-category-inner">
                            <div class="category-product-list">

                                                                <div class="product-type">
                                    <a href="/trafika/cigarety-a-tabak" class="product-type-image">
                                        <img data-src="https://cdn.kosik.cz/content/category/svg/menu/1578.svg" alt="Cigarety a tabák">
                                    </a>
                                    <h3>
                                        <a class="children" href="/trafika/cigarety-a-tabak">
                                            Cigarety a tabák
                                        </a>
                                    </h3>

                                                                    </div>
                            </div>
                        </div>
                    </div>
                </li>


        </ul>
    </div>
</div>

<script type="text/javascript">
    $(function() {
        $('.christmas-link').on('click', function () {
            if (window.innerWidth < 1025) {
                var mobileMenu = $('#big-menu');
                mobileMenu.toggleClass('open');
                basic.toggleClass((document.querySelector('body')), 'open-menu');
            }
            $('html, body').animate({
                scrollTop: $('#christmas-inspiration').offset().top - 100
            }, 2000);
            return false;
        });

    });
</script>

						<div
								class="region region-delivery-cart" id="fixed-menu">
							<div class="region-inner region-delivery-cart-inner">
								<div id="snippet--orderSlotPreviewArea">
<script>
    $(document).ready(function(){
        var nearest = $('.block-nearest-delivery');

        if(nearest.hasClass('unloaded')){
            $.nette.ajax("\/hotova-jidla?do=orderSlotPreview-load").done(function(){
                nearest.removeClass('unloaded')
            });
        }
    })
</script>
<div class="block block-nearest-delivery unloaded" id="snippet-orderSlotPreview-slots">
        <span class="noslot">Nejbližší termín dodání se dozvíte v <strong>průběhu objednávání</strong>. Momentálně jsme zaneprázdněni vyřizováním objednávek ostatních zákazníků.</span>
</div>
								</div>

								<div class="block-cart-dropdown" id="snippet--cartPreview">
<div class="cart-fixing-box">
	<a href="javaScript:void(0);" onclick="fixing.openBox(&quot;\/hotova-jidla?do=cartPreview-showCart&quot;)" id="cart-open-button" aria-hidden="true">
		<i class="fa fa-angle-down" aria-hidden="true"></i>
		<p class="units-in-cart">
			<span class="show-cart-text" data-visible="Obchod" data-hide="Zobrazit">
					Zobrazit
			</span>
			<span class="total-items-incart" id="snippet-cartPreview-totalItems"><span class="accessible">Počet položek v košíku: </span>0</span>
		</p>
	</a>
		<a class="open-cart button-simple button-red blur-modal-overlay kosik-modal-open" data-target="login-modal">
			Pokladna
		</a>
	<p class="cart-price button-simple button-green" id="snippet-cartPreview-totalPriceArea">
		<strong class="price">0,00 Kč</strong>
	</p>
</div>
<div class="cart-box fixed-top" id="cart-detail-preview">
<div id="snippet-cartPreview-cartBox"><div id="snippet-cartPreview-detail-">	<div class="cart-item-list-overlay">
		<div id="cart-items-list" class="cart-items-list min">
			<div class="cart-items-scroller">
				<h4 class="accessible">Položky v košíku</h2>
				<div class="cart-is-empty">
										Košík máte prázdný,<br>vraťte se <a href="javascript:void(0);" onclick="fixing.openBox('\/?do=cartPreview-showCart')">do obchodu</a>.
									</div>
			</div>
		</div>
<div id="snippet-cartPreview-detail-finalPrice">				<div class="make-order" id="make-order-button">
					<div class="cart-minimal">
						<p>
								Minimální cena objednávky je <b class="no-break"><strong class="price">500,00 Kč</strong></b> Kč
								<br>
								Přidejte zboží ještě alespoň za <em class="no-break"><strong class="price">500,00 Kč</strong></em>
						</p>
					</div>

						<a class="button button-red blur-modal-overlay kosik-modal-open" data-target="login-modal">
							Koupit za  0 Kč
						</a>
				</div>
			<script>
				$(document).ready(function(){
					$('.cart-control-delete, .cart-item-delete').click(function(){
						$(this).closest('li').addClass('hidden-product');
					});
				});
			</script>
</div>	</div>
	<script async>
		basic.documentReady(function () {

			if (window.innerWidth > 1024) {
				$('#delete-cart-items').on('click', function (e) {
					var message = confirm('Opravdu chcete vyprázdnit váš košík?')

					if (!message)
						e.preventDefault();
					else
						$.nette.ajax(this.dataset.href);
				});
			}
		});
	</script>
</div></div></div>
<script async>
	basic.documentReady(function(){
		fixing.init();
	});

	$(document).ajaxComplete(function(){
		fixing.reinitElements(true);
	});
</script>
								</div>
							</div>
						</div>
<div id="snippet-pASystem-"></div>					</div>

					<div class="region region-breadcrumb">
						<div class="region-inner region-breadcrumb-inner">

<ol class="kosik-breadcrumb">
    <li>
        <a href="/">Košík.cz</a>
    </li>
    <li>
        <a href="/hotova-jidla">
            Hotová jídla
        </a>
    </li>
</ol>
<div class="clear"></div>

<script type="application/ld+json" async>
{"@context":"http://schema.org","@type":"BreadcrumbList","itemListElement":[{"@type":"ListItem","position":1,"item":{"@id":"/zbozi","name":"Zboží"}},{"@type":"ListItem","position":2,"item":{"@id":"/hotova-jidla","name":"Hotová jídla"}}]}
</script>						</div>
					</div>

				</div>
			</div>
		</header>

		<div class="mainOuter">
			
		</div>

		<div class="zone-wrapper zone-main-wrapper clearfix" role="main">
			<a name="maincontent" id="maincontent" aria-hidden="true"></a>
	<div class="zone zone-main clearfix">

		<div class="region region-category-review-slider" role="complementary">
			<div class="region-inner region-category-review-slider-inner">
<div class="block block-product-list-category  lighter-gray-bg">
	<div class="category-review">
		<ul class="category-review-list">
			<li>
				<a href="/hotova-jidla/polevky">
					Polévky				</a>
			</li>
			<li>
				<a href="/hotova-jidla/testoviny-a-rizota">
					Těstoviny a rizota				</a>
			</li>
			<li>
				<a href="/hotova-jidla/pizza">
					Pizza				</a>
			</li>
			<li>
				<a href="/hotova-jidla/jidla-s-prilohami">
					Jídla s přílohami				</a>
			</li>
			<li>
				<a href="/hotova-jidla/jidla-bez-priloh">
					Jídla bez příloh				</a>
			</li>
			<li>
				<a href="/hotova-jidla/salaty">
					Saláty				</a>
			</li>
			<li>
				<a href="/hotova-jidla/prilohy-a-knedliky">
					Přílohy a knedlíky				</a>
			</li>
			<li>
				<a href="/hotova-jidla/sendvice-a-bagety">
					Sendviče a bagety				</a>
			</li>
			<li>
				<a href="/hotova-jidla/sladke">
					Sladké				</a>
			</li>
			<li>
				<a href="/hotova-jidla/sushi">
					Sushi				</a>
			</li>
			<li>
				<a href="/hotova-jidla/stavy-a-smoothie">
					Šťávy a smoothie				</a>
			</li>
		</ul>
	</div>
</div>				<div id="snippet--productFilterArea">
<div class="block block-product-price-filter lighter-gray-bg">
    <div class="filter-ajax-waiting">
        <div class="loading">
            <div class="loading-bar"></div>
            <div class="loading-bar"></div>
            <div class="loading-bar"></div>
            <div class="loading-bar"></div>
        </div>
    </div>
    <div class="count" id="snippet-productFilter-countArea">
        <p>147 produktů nalezeno</p>
    </div>

        <h3 aria-label="Filtr Podle ceny">Podle ceny</h3>
        <div id="snippet-productFilter-priceFinalVatConstraintFormArea">
        <form action="/hotova-jidla" method="post" class="ajax filter-constraint filter-range" id="frm-productFilter-priceFinalVatConstraintForm">
                                <div id="slider-value" class="slider"><input type="text" name="value[min]" style="display:none" id="value-min" value="10"><input type="text" name="value[max]" style="display:none" id="value-max" value="480"><div data-suffix="Kč" data-minimum="10" data-maximum="480" data-value-min="10" data-value-max="480" data-step="10" class="range-wrapper"><div id="range-input"></div></div><span id="value-label-minValue"></span><span id="value-label-maxValue" style="float:right"></span></div>
                                <input type="hidden" name="do" value="productFilter-priceFinalVatConstraintForm-submit">
        <!--[if IE]><input type=IEbug disabled style="display:none"><![endif]-->
</form>

</div>
        <h3 aria-label="Filtr Podle značky">Podle značky</h3>
        <div id="snippet-productFilter-brandConstraintFormArea">
        <form action="/hotova-jidla" method="post" class="ajax filter-constraint filter-list" id="frm-productFilter-brandConstraintForm">
                <div class="filter-categories" id="filter-brand">

                            <div class="form-row">
                            <input type="checkbox" name="value[]" onchange=" $('.filter-ajax-waiting').addClass('show');$(this).closest('form').submit();" id="frm-productFilter-brandConstraintForm-value-3483" value="3483" aria-label="!Asia Style (5)">
                            <label for="frm-productFilter-brandConstraintForm-value-3483">Asia Style (5)</label>
                        </div>


                            <div class="form-row">
                            <input type="checkbox" name="value[]" onchange=" $('.filter-ajax-waiting').addClass('show');$(this).closest('form').submit();" id="frm-productFilter-brandConstraintForm-value-99" value="99" aria-label="!Beskyd (6)">
                            <label for="frm-productFilter-brandConstraintForm-value-99">Beskyd (6)</label>
                        </div>


                                                         <div class="form-row" style="display: none;">
                            <input type="checkbox" name="value[]" onchange=" $('.filter-ajax-waiting').addClass('show');$(this).closest('form').submit();" id="frm-productFilter-brandConstraintForm-value-87" value="87" aria-label="!Bez značky (1)">
                            <label for="frm-productFilter-brandConstraintForm-value-87">Bez značky (1)</label>
                        </div>


                                                         <div class="form-row" style="display: none;">
                            <input type="checkbox" name="value[]" onchange=" $('.filter-ajax-waiting').addClass('show');$(this).closest('form').submit();" id="frm-productFilter-brandConstraintForm-value-2288" value="2288" aria-label="!Bidvest (3)">
                            <label for="frm-productFilter-brandConstraintForm-value-2288">Bidvest (3)</label>
                        </div>


                                                         <div class="form-row" style="display: none;">
                            <input type="checkbox" name="value[]" onchange=" $('.filter-ajax-waiting').addClass('show');$(this).closest('form').submit();" id="frm-productFilter-brandConstraintForm-value-162" value="162" aria-label="!Brick (4)">
                            <label for="frm-productFilter-brandConstraintForm-value-162">Brick (4)</label>
                        </div>


                                                         <div class="form-row" style="display: none;">
                            <input type="checkbox" name="value[]" onchange=" $('.filter-ajax-waiting').addClass('show');$(this).closest('form').submit();" id="frm-productFilter-brandConstraintForm-value-3036" value="3036" aria-label="!Buitoni (2)">
                            <label for="frm-productFilter-brandConstraintForm-value-3036">Buitoni (2)</label>
                        </div>


                                                         <div class="form-row" style="display: none;">
                            <input type="checkbox" name="value[]" onchange=" $('.filter-ajax-waiting').addClass('show');$(this).closest('form').submit();" id="frm-productFilter-brandConstraintForm-value-1594" value="1594" aria-label="!Dobroty Babičky Kláry (1)">
                            <label for="frm-productFilter-brandConstraintForm-value-1594">Dobroty Babičky Kláry (1)</label>
                        </div>


                                                         <div class="form-row" style="display: none;">
                            <input type="checkbox" name="value[]" onchange=" $('.filter-ajax-waiting').addClass('show');$(this).closest('form').submit();" id="frm-productFilter-brandConstraintForm-value-3039" value="3039" aria-label="!Dobrá kuchyně (5)">
                            <label for="frm-productFilter-brandConstraintForm-value-3039">Dobrá kuchyně (5)</label>
                        </div>


                            <div class="form-row">
                            <input type="checkbox" name="value[]" onchange=" $('.filter-ajax-waiting').addClass('show');$(this).closest('form').submit();" id="frm-productFilter-brandConstraintForm-value-342" value="342" aria-label="!Don Peppe (11)">
                            <label for="frm-productFilter-brandConstraintForm-value-342">Don Peppe (11)</label>
                        </div>


                            <div class="form-row">
                            <input type="checkbox" name="value[]" onchange=" $('.filter-ajax-waiting').addClass('show');$(this).closest('form').submit();" id="frm-productFilter-brandConstraintForm-value-313" value="313" aria-label="!Dr. Oetker (12)">
                            <label for="frm-productFilter-brandConstraintForm-value-313">Dr. Oetker (12)</label>
                        </div>


                                                         <div class="form-row" style="display: none;">
                            <input type="checkbox" name="value[]" onchange=" $('.filter-ajax-waiting').addClass('show');$(this).closest('form').submit();" id="frm-productFilter-brandConstraintForm-value-678" value="678" aria-label="!Edeka (3)">
                            <label for="frm-productFilter-brandConstraintForm-value-678">Edeka (3)</label>
                        </div>


                                                         <div class="form-row" style="display: none;">
                            <input type="checkbox" name="value[]" onchange=" $('.filter-ajax-waiting').addClass('show');$(this).closest('form').submit();" id="frm-productFilter-brandConstraintForm-value-618" value="618" aria-label="!FRoSTA (1)">
                            <label for="frm-productFilter-brandConstraintForm-value-618">FRoSTA (1)</label>
                        </div>


                            <div class="form-row">
                            <input type="checkbox" name="value[]" onchange=" $('.filter-ajax-waiting').addClass('show');$(this).closest('form').submit();" id="frm-productFilter-brandConstraintForm-value-2060" value="2060" aria-label="!Faho (10)">
                            <label for="frm-productFilter-brandConstraintForm-value-2060">Faho (10)</label>
                        </div>


                                                         <div class="form-row" style="display: none;">
                            <input type="checkbox" name="value[]" onchange=" $('.filter-ajax-waiting').addClass('show');$(this).closest('form').submit();" id="frm-productFilter-brandConstraintForm-value-661" value="661" aria-label="!G&amp;G (2)">
                            <label for="frm-productFilter-brandConstraintForm-value-661">G&amp;G (2)</label>
                        </div>


                                                         <div class="form-row" style="display: none;">
                            <input type="checkbox" name="value[]" onchange=" $('.filter-ajax-waiting').addClass('show');$(this).closest('form').submit();" id="frm-productFilter-brandConstraintForm-value-1445" value="1445" aria-label="!J.A.D. (1)">
                            <label for="frm-productFilter-brandConstraintForm-value-1445">J.A.D. (1)</label>
                        </div>


                                                         <div class="form-row" style="display: none;">
                            <input type="checkbox" name="value[]" onchange=" $('.filter-ajax-waiting').addClass('show');$(this).closest('form').submit();" id="frm-productFilter-brandConstraintForm-value-3482" value="3482" aria-label="!Klasika (3)">
                            <label for="frm-productFilter-brandConstraintForm-value-3482">Klasika (3)</label>
                        </div>


                                                         <div class="form-row" style="display: none;">
                            <input type="checkbox" name="value[]" onchange=" $('.filter-ajax-waiting').addClass('show');$(this).closest('form').submit();" id="frm-productFilter-brandConstraintForm-value-2241" value="2241" aria-label="!Konečně vývar (2)">
                            <label for="frm-productFilter-brandConstraintForm-value-2241">Konečně vývar (2)</label>
                        </div>


                            <div class="form-row">
                            <input type="checkbox" name="value[]" onchange=" $('.filter-ajax-waiting').addClass('show');$(this).closest('form').submit();" id="frm-productFilter-brandConstraintForm-value-3484" value="3484" aria-label="!Navařeno (7)">
                            <label for="frm-productFilter-brandConstraintForm-value-3484">Navařeno (7)</label>
                        </div>


                            <div class="form-row">
                            <input type="checkbox" name="value[]" onchange=" $('.filter-ajax-waiting').addClass('show');$(this).closest('form').submit();" id="frm-productFilter-brandConstraintForm-value-1529" value="1529" aria-label="!Nowaco (6)">
                            <label for="frm-productFilter-brandConstraintForm-value-1529">Nowaco (6)</label>
                        </div>


                                                         <div class="form-row" style="display: none;">
                            <input type="checkbox" name="value[]" onchange=" $('.filter-ajax-waiting').addClass('show');$(this).closest('form').submit();" id="frm-productFilter-brandConstraintForm-value-2540" value="2540" aria-label="!Pata Gnocco (1)">
                            <label for="frm-productFilter-brandConstraintForm-value-2540">Pata Gnocco (1)</label>
                        </div>


                                                         <div class="form-row" style="display: none;">
                            <input type="checkbox" name="value[]" onchange=" $('.filter-ajax-waiting').addClass('show');$(this).closest('form').submit();" id="frm-productFilter-brandConstraintForm-value-3207" value="3207" aria-label="!Selský grunt (1)">
                            <label for="frm-productFilter-brandConstraintForm-value-3207">Selský grunt (1)</label>
                        </div>


                            <div class="form-row">
                            <input type="checkbox" name="value[]" onchange=" $('.filter-ajax-waiting').addClass('show');$(this).closest('form').submit();" id="frm-productFilter-brandConstraintForm-value-3582" value="3582" aria-label="!Simply Fresh (5)">
                            <label for="frm-productFilter-brandConstraintForm-value-3582">Simply Fresh (5)</label>
                        </div>


                            <div class="form-row">
                            <input type="checkbox" name="value[]" onchange=" $('.filter-ajax-waiting').addClass('show');$(this).closest('form').submit();" id="frm-productFilter-brandConstraintForm-value-2215" value="2215" aria-label="!UGO (35)">
                            <label for="frm-productFilter-brandConstraintForm-value-2215">UGO (35)</label>
                        </div>


                                                         <div class="form-row" style="display: none;">
                            <input type="checkbox" name="value[]" onchange=" $('.filter-ajax-waiting').addClass('show');$(this).closest('form').submit();" id="frm-productFilter-brandConstraintForm-value-344" value="344" aria-label="!Vodňanské Kuře (1)">
                            <label for="frm-productFilter-brandConstraintForm-value-344">Vodňanské Kuře (1)</label>
                        </div>


                                                         <div class="form-row" style="display: none;">
                            <input type="checkbox" name="value[]" onchange=" $('.filter-ajax-waiting').addClass('show');$(this).closest('form').submit();" id="frm-productFilter-brandConstraintForm-value-3136" value="3136" aria-label="!Váhala (3)">
                            <label for="frm-productFilter-brandConstraintForm-value-3136">Váhala (3)</label>
                        </div>


                            <div class="form-row">
                            <input type="checkbox" name="value[]" onchange=" $('.filter-ajax-waiting').addClass('show');$(this).closest('form').submit();" id="frm-productFilter-brandConstraintForm-value-2156" value="2156" aria-label="!apetit (16)">
                            <label for="frm-productFilter-brandConstraintForm-value-2156">apetit (16)</label>
                        </div>

																<a class="show-more-brands link-red">více značek</a>
																<a class="show-less-brands link-red" style="display: none;">méně značek</a>
                            <br><br>
                            <a class="link-red align-right" href="/hotova-jidla?do=productFilter-reset">zrušit filtr</a>
                </div>
                                <input type="hidden" name="do" value="productFilter-brandConstraintForm-submit">
        <!--[if IE]><input type=IEbug disabled style="display:none"><![endif]-->
</form>

</div>
                                                                    </div>
<script type="text/javascript" id="snippet-productFilter-scriptArea">
	$('.filter-more-result-column').hide();

//    $(document).ready(function () {
        $(document).ajaxComplete(function() {

            $('.filter-ajax-waiting').removeClass('show');


            var brandClass = 'show';
            var formRowClass = 'form-row';
            var filterCategoriesClass = 'filter-categories';
            var buttonsShowMoreClass = 'show-more-brands';
            var buttonsShowLessClass = 'show-less-brands';
            var filters = $('.filter-more-result');
            var defaultFilterInputs = {"brand":[2215,2156,313,342,2060,3484,99,1529,3483,3582]};

            function hideCheckboxes(rows, key) {

                if (rows.legnth <= 10) {
                    return;
                }

            rows.each(function (i, e) {
                var val = +$(e).find("input").val();
                var arr = defaultFilterInputs[key];

                if ($.inArray(val, arr) === -1) {
                    $(e).hide();
                }
            });
        }

            $('.' + buttonsShowMoreClass).on('click', function (e) {
                e.stopPropagation();

                var filterCategories = $(this).closest('.' + filterCategoriesClass);

                for (var key in defaultFilterInputs) {
                    if (defaultFilterInputs.hasOwnProperty(key)) {
                        if (filterCategories.attr("id") === "filter-" + key) {
                            continue;
                        }
                        var rows = $('#filter-' + key + ' .' + formRowClass);
                        hideCheckboxes(rows, key);
                        $('#filter-' + key + ' .' + buttonsShowMoreClass).show();
                    }
                }

                filterCategories
                        .find('.' + formRowClass)
                        .show();

                $('.' + buttonsShowLessClass).hide();

                filterCategories
                        .find('.' + buttonsShowLessClass)
                        .show();

                $(this).hide();
            });


            $('.' + buttonsShowLessClass).on('click', function (e) {
                e.stopPropagation();

                var filterCategories = $(this).closest('.' + filterCategoriesClass);
                var key = filterCategories.attr("id").split("-")[1];
                var rows = filterCategories.find('.' + formRowClass);

                hideCheckboxes(rows, key);

                filterCategories
                        .find('.' + buttonsShowMoreClass)
                        .show();

                $(this).hide();
            });

            filters.on('click', function(e){
                e.stopPropagation();
            });

            $('html, body').on('click', function(){
                filters.removeClass(brandClass);
            });

            $('.filter-more-result .kosik-modal-close').on('click', function () {
                filters.removeClass(brandClass);
            });

            $('.filter-constraint').each(function () {
                enableAutoSubmit('#' + $(this).attr('id'));
            });

            function enableAutoSubmit(selector) {

                if ($(selector).hasClass('filter-range')) {
                    $(document).on('mouseup', selector, function () {
                        $('.filter-ajax-waiting').addClass('show');
                        $(this).closest('form').submit();
                    });
                }

//                $(document).ajaxComplete(function(){
//                    $('.filter-ajax-waiting').removeClass('show');
//                })
            }
        });
//    });
</script>
				</div>
			</div>
		</div>

		<div class="region-products-popular">
<a href="https://www.kosik.cz/hotova-jidla"><img src="https://cdn.kosik.cz/content/category-banner/png/default/1236.png" alt="whiskas"></a><br><br>

		<div class="region region-carousel region-products no-aside product-widget">
			<div class="home-product-widget region-inner region-products-inner slick-carousel" data-open="3" data-close="4">
				<div class="block block-title">
					<h3>Polévky</h3>
				</div>
<script async>

    var onProductModalDestroy = function() {

    	var pageData = window.dataLayer[0];

        pageData["event"] = "ga.pageview";
        pageData["pagePath"] = window.location.pathname;
        pageData["pageTitle"] = window.document.title;

	    dataLayer.push(pageData);
    };
</script>
<div class="block block-product-items product-items" data-ajax-append="product-item" id="snippet-productWidget-widgetCarousel-1-productListArea">
    <div id="product-append-49120" class="product-item">
        <div class="product-item-flags">
            <div class="flag-sale ">
                <span class="percents">25<small>&#37;</small></span>
            </div>
        </div>
        <div class="product-item-image">
                <a data-href="/hotova-jidla?productWidget-widgetCarousel-1-id=49120&amp;do=productWidget-widgetCarousel-1-modal"
                   data-target="productWidget-widgetCarousel-1-productModal"
                   data-product-id="49120"
                   data-product-price="125"
                   data-page-title="Asia Style Tom Yum Goong 420g"
                   data-page-path="/produkt/49120-asia-style-tom-yum-goong-420g"
                   data-user-id=""
                   aria-hidden="true"
                   data-kosikmodal-onclose="onProductModalDestroy"
                   onclick="kosikAjax.click(this, initModalCarousel(this))">
                    <img src="https://cdn.kosik.cz/content/product/jpg/list/placeholder.jpg" data-src="https://cdn.kosik.cz/content/product/jpg/list/66677.jpg" alt="Asia Style Tom Yum Goong 420g" class="loading-images loading-image">
                </a>




        </div>
                <div class="product-item-info">
                <h5><a href="javascript:void(0)" aria-label="Asia Style Tom Yum Goong 420g" data-href="/hotova-jidla?productWidget-widgetCarousel-1-id=49120&amp;do=productWidget-widgetCarousel-1-modal" class="product-name modal-link"
                   data-target="productWidget-widgetCarousel-1-productModal" onclick="kosikAjax.click(this, initModalCarousel(this))">
                    Asia Style Tom Yum Goong 420g
                    
                </a></h5>
            <p class="product-item-price product-in-discount">
                <span class="price-before-discount">
					<span><strong class="price">125,00 Kč</strong></span>
				</span>
                <strong class="price">93,90 Kč</strong>

            </p>
            <p class="product-item-unit">
                    (<strong class="price">223,60 Kč</strong> / kg)
            </p>
                        <div class="product-list-rating">
                <span><ul class="rating"><li class="rating-children rating-1 up" data-rating="1"><i class="fa fa-star"></i></li><li class="rating-children rating-2 up" data-rating="2"><i class="fa fa-star"></i></li><li class="rating-children rating-3 up" data-rating="3"><i class="fa fa-star"></i></li><li class="rating-children rating-4 up" data-rating="4"><i class="fa fa-star"></i></li><li class="rating-children rating-5 up" data-rating="5"><i class="fa fa-star"></i></li></ul></span>
            </div>
<div id="snippet-productWidget-widgetCarousel-1-buy-49120-quantity">        <div class="product-quantity-control">
            <form action="/hotova-jidla" method="post" class="ajax" id="frm-productWidget-widgetCarousel-1-buy-49120-quantityForm">
                <input type="text" name="quantity" size="3" id="frm-productWidget-widgetCarousel-1-buy-49120-quantityForm-quantity" data-nette-rules='[{"op":":integer","msg":"Množství musí být číslo."}]' value="1" aria-label="počet k přidání">
                <input type="submit" name="_submit" value="Přidat" class="product-quantity-control-submit plus" aria-label="přidat počet do košíku">
            <input type="hidden" name="do" value="productWidget-widgetCarousel-1-buy-49120-quantityForm-submit"><!--[if IE]><input type=IEbug disabled style="display:none"><![endif]-->
</form>

        </div>
</div>
                <p class="product-incart-info accessible">Produkt nemáte v košíku</p>


        </div>

        
    </div>
    <div id="product-append-49133" class="product-item">
        <div class="product-item-flags">
        </div>
        <div class="product-item-image">
                <a data-href="/hotova-jidla?productWidget-widgetCarousel-1-id=49133&amp;do=productWidget-widgetCarousel-1-modal"
                   data-target="productWidget-widgetCarousel-1-productModal"
                   data-product-id="49133"
                   data-product-price="59"
                   data-page-title="Navařeno Bramborový krém s houbami a pórkem 420g"
                   data-page-path="/produkt/49133-navareno-bramborovy-krem-s-houbami-a-porkem-420g"
                   data-user-id=""
                   aria-hidden="true"
                   data-kosikmodal-onclose="onProductModalDestroy"
                   onclick="kosikAjax.click(this, initModalCarousel(this))">
                    <img src="https://cdn.kosik.cz/content/product/jpg/list/placeholder.jpg" data-src="https://cdn.kosik.cz/content/product/jpg/list/66689.jpg" alt="Navařeno Bramborový krém s houbami a pórkem 420g" class="loading-images loading-image">
                </a>




        </div>
                <div class="product-item-info">
                <h5><a href="javascript:void(0)" aria-label="Navařeno Bramborový krém s houbami a pórkem 420g" data-href="/hotova-jidla?productWidget-widgetCarousel-1-id=49133&amp;do=productWidget-widgetCarousel-1-modal" class="product-name modal-link"
                   data-target="productWidget-widgetCarousel-1-productModal" onclick="kosikAjax.click(this, initModalCarousel(this))">
                    Navařeno Bramborový krém s houbami a pórkem 420g
                    
                </a></h5>
            <p class="product-item-price ">
                <span class="price-before-discount">
				</span>
                <strong class="price">59,00 Kč</strong>

            </p>
            <p class="product-item-unit">
                    (<strong class="price">140,50 Kč</strong> / kg)
            </p>
                        <div class="product-list-rating">
            </div>
<div id="snippet-productWidget-widgetCarousel-1-buy-49133-quantity">        <div class="product-quantity-control">
            <form action="/hotova-jidla" method="post" class="ajax" id="frm-productWidget-widgetCarousel-1-buy-49133-quantityForm">
                <input type="text" name="quantity" size="3" id="frm-productWidget-widgetCarousel-1-buy-49133-quantityForm-quantity" data-nette-rules='[{"op":":integer","msg":"Množství musí být číslo."}]' value="1" aria-label="počet k přidání">
                <input type="submit" name="_submit" value="Přidat" class="product-quantity-control-submit plus" aria-label="přidat počet do košíku">
            <input type="hidden" name="do" value="productWidget-widgetCarousel-1-buy-49133-quantityForm-submit"><!--[if IE]><input type=IEbug disabled style="display:none"><![endif]-->
</form>

        </div>
</div>
                <p class="product-incart-info accessible">Produkt nemáte v košíku</p>


        </div>

        
    </div>
    <div id="product-append-3538" class="product-item">
        <div class="product-item-flags">
        </div>
        <div class="product-item-image">
                <a data-href="/hotova-jidla?productWidget-widgetCarousel-1-id=3538&amp;do=productWidget-widgetCarousel-1-modal"
                   data-target="productWidget-widgetCarousel-1-productModal"
                   data-product-id="3538"
                   data-product-price="49.9"
                   data-page-title="Brick Dršťková polévka pikant 650g"
                   data-page-path="/produkt/3538-brick-drstkova-polevka-pikant-650g"
                   data-user-id=""
                   aria-hidden="true"
                   data-kosikmodal-onclose="onProductModalDestroy"
                   onclick="kosikAjax.click(this, initModalCarousel(this))">
                    <img src="https://cdn.kosik.cz/content/product/jpg/list/placeholder.jpg" data-src="https://cdn.kosik.cz/content/product/jpg/list/3670.jpg" alt="Brick Dršťková polévka pikant 650g" class="loading-images loading-image">
                </a>




        </div>
                <div class="product-item-info">
                <h5><a href="javascript:void(0)" aria-label="Brick Dršťková polévka pikant 650g" data-href="/hotova-jidla?productWidget-widgetCarousel-1-id=3538&amp;do=productWidget-widgetCarousel-1-modal" class="product-name modal-link"
                   data-target="productWidget-widgetCarousel-1-productModal" onclick="kosikAjax.click(this, initModalCarousel(this))">
                    Brick Dršťková polévka pikant 650g
                    
                </a></h5>
            <p class="product-item-price ">
                <span class="price-before-discount">
				</span>
                <strong class="price">49,90 Kč</strong>

            </p>
            <p class="product-item-unit">
                    (<strong class="price">76,80 Kč</strong> / kg)
            </p>
                        <div class="product-list-rating">
            </div>
<div id="snippet-productWidget-widgetCarousel-1-buy-3538-quantity">        <div class="product-quantity-control">
            <form action="/hotova-jidla" method="post" class="ajax" id="frm-productWidget-widgetCarousel-1-buy-3538-quantityForm">
                <input type="text" name="quantity" size="3" id="frm-productWidget-widgetCarousel-1-buy-3538-quantityForm-quantity" data-nette-rules='[{"op":":integer","msg":"Množství musí být číslo."}]' value="1" aria-label="počet k přidání">
                <input type="submit" name="_submit" value="Přidat" class="product-quantity-control-submit plus" aria-label="přidat počet do košíku">
            <input type="hidden" name="do" value="productWidget-widgetCarousel-1-buy-3538-quantityForm-submit"><!--[if IE]><input type=IEbug disabled style="display:none"><![endif]-->
</form>

        </div>
</div>
                <p class="product-incart-info accessible">Produkt nemáte v košíku</p>


        </div>

        
    </div>
    <div id="product-append-16297" class="product-item">
        <div class="product-item-flags">
        </div>
        <div class="product-item-image">
                <a data-href="/hotova-jidla?productWidget-widgetCarousel-1-id=16297&amp;do=productWidget-widgetCarousel-1-modal"
                   data-target="productWidget-widgetCarousel-1-productModal"
                   data-product-id="16297"
                   data-product-price="124.5"
                   data-page-title="Konečně vývar - hovězí 450ml"
                   data-page-path="/produkt/16297-konecne-vyvar-hovezi-450ml"
                   data-user-id=""
                   aria-hidden="true"
                   data-kosikmodal-onclose="onProductModalDestroy"
                   onclick="kosikAjax.click(this, initModalCarousel(this))">
                    <img src="https://cdn.kosik.cz/content/product/jpg/list/placeholder.jpg" data-src="https://cdn.kosik.cz/content/product/jpg/list/33565.jpg" alt="Konečně vývar - hovězí 450ml" class="loading-images loading-image">
                </a>




        </div>
                <div class="product-item-info">
                <h5><a href="javascript:void(0)" aria-label="Konečně vývar - hovězí 450ml" data-href="/hotova-jidla?productWidget-widgetCarousel-1-id=16297&amp;do=productWidget-widgetCarousel-1-modal" class="product-name modal-link"
                   data-target="productWidget-widgetCarousel-1-productModal" onclick="kosikAjax.click(this, initModalCarousel(this))">
                    Konečně vývar - hovězí 450ml
                    
                </a></h5>
            <p class="product-item-price ">
                <span class="price-before-discount">
				</span>
                <strong class="price">124,50 Kč</strong>

            </p>
            <p class="product-item-unit">
                    (<strong class="price">276,70 Kč</strong> / l)
            </p>
                        <div class="product-list-rating">
            </div>
<div id="snippet-productWidget-widgetCarousel-1-buy-16297-quantity">        <div class="product-quantity-control">
            <form action="/hotova-jidla" method="post" class="ajax" id="frm-productWidget-widgetCarousel-1-buy-16297-quantityForm">
                <input type="text" name="quantity" size="3" id="frm-productWidget-widgetCarousel-1-buy-16297-quantityForm-quantity" data-nette-rules='[{"op":":integer","msg":"Množství musí být číslo."}]' value="1" aria-label="počet k přidání">
                <input type="submit" name="_submit" value="Přidat" class="product-quantity-control-submit plus" aria-label="přidat počet do košíku">
            <input type="hidden" name="do" value="productWidget-widgetCarousel-1-buy-16297-quantityForm-submit"><!--[if IE]><input type=IEbug disabled style="display:none"><![endif]-->
</form>

        </div>
</div>
                <p class="product-incart-info accessible">Produkt nemáte v košíku</p>


        </div>

        
    </div>
    <div id="product-append-49121" class="product-item">
        <div class="product-item-flags">
            <div class="flag-sale ">
                <span class="percents">24<small>&#37;</small></span>
            </div>
        </div>
        <div class="product-item-image">
                <a data-href="/hotova-jidla?productWidget-widgetCarousel-1-id=49121&amp;do=productWidget-widgetCarousel-1-modal"
                   data-target="productWidget-widgetCarousel-1-productModal"
                   data-product-id="49121"
                   data-product-price="79"
                   data-page-title="Asia Style Pho Bo 420g"
                   data-page-path="/produkt/49121-asia-style-pho-bo-420g"
                   data-user-id=""
                   aria-hidden="true"
                   data-kosikmodal-onclose="onProductModalDestroy"
                   onclick="kosikAjax.click(this, initModalCarousel(this))">
                    <img src="https://cdn.kosik.cz/content/product/jpg/list/placeholder.jpg" data-src="https://cdn.kosik.cz/content/product/jpg/list/66678.jpg" alt="Asia Style Pho Bo 420g" class="loading-images loading-image">
                </a>




        </div>
                <div class="product-item-info">
                <h5><a href="javascript:void(0)" aria-label="Asia Style Pho Bo 420g" data-href="/hotova-jidla?productWidget-widgetCarousel-1-id=49121&amp;do=productWidget-widgetCarousel-1-modal" class="product-name modal-link"
                   data-target="productWidget-widgetCarousel-1-productModal" onclick="kosikAjax.click(this, initModalCarousel(this))">
                    Asia Style Pho Bo 420g
                    
                </a></h5>
            <p class="product-item-price product-in-discount">
                <span class="price-before-discount">
					<span><strong class="price">79,00 Kč</strong></span>
				</span>
                <strong class="price">59,90 Kč</strong>

            </p>
            <p class="product-item-unit">
                    (<strong class="price">142,60 Kč</strong> / kg)
            </p>
                        <div class="product-list-rating">
                <span><ul class="rating"><li class="rating-children rating-1 up" data-rating="1"><i class="fa fa-star"></i></li><li class="rating-children rating-2 up" data-rating="2"><i class="fa fa-star"></i></li><li class="rating-children rating-3 up" data-rating="3"><i class="fa fa-star"></i></li><li class="rating-children rating-4 up" data-rating="4"><i class="fa fa-star"></i></li><li class="rating-children rating-5 up" data-rating="5"><i class="fa fa-star"></i></li></ul></span>
            </div>
<div id="snippet-productWidget-widgetCarousel-1-buy-49121-quantity">        <div class="product-quantity-control">
            <form action="/hotova-jidla" method="post" class="ajax" id="frm-productWidget-widgetCarousel-1-buy-49121-quantityForm">
                <input type="text" name="quantity" size="3" id="frm-productWidget-widgetCarousel-1-buy-49121-quantityForm-quantity" data-nette-rules='[{"op":":integer","msg":"Množství musí být číslo."}]' value="1" aria-label="počet k přidání">
                <input type="submit" name="_submit" value="Přidat" class="product-quantity-control-submit plus" aria-label="přidat počet do košíku">
            <input type="hidden" name="do" value="productWidget-widgetCarousel-1-buy-49121-quantityForm-submit"><!--[if IE]><input type=IEbug disabled style="display:none"><![endif]-->
</form>

        </div>
</div>
                <p class="product-incart-info accessible">Produkt nemáte v košíku</p>


        </div>

        
    </div>
    <div id="product-append-52625" class="product-item">
        <div class="product-item-flags">
        </div>
        <div class="product-item-image">
                <a data-href="/hotova-jidla?productWidget-widgetCarousel-1-id=52625&amp;do=productWidget-widgetCarousel-1-modal"
                   data-target="productWidget-widgetCarousel-1-productModal"
                   data-product-id="52625"
                   data-product-price="44.9"
                   data-page-title="Apetit Dýňová polévka s krutony 500ml"
                   data-page-path="/produkt/52625-apetit-dynova-polevka-s-krutony-500ml"
                   data-user-id=""
                   aria-hidden="true"
                   data-kosikmodal-onclose="onProductModalDestroy"
                   onclick="kosikAjax.click(this, initModalCarousel(this))">
                    <img src="https://cdn.kosik.cz/content/product/jpg/list/placeholder.jpg" data-src="https://cdn.kosik.cz/content/product/jpg/list/70232.jpg" alt="Apetit Dýňová polévka s krutony 500ml" class="loading-images loading-image">
                </a>




        </div>
                <div class="product-item-info">
                <h5><a href="javascript:void(0)" aria-label="Apetit Dýňová polévka s krutony 500ml" data-href="/hotova-jidla?productWidget-widgetCarousel-1-id=52625&amp;do=productWidget-widgetCarousel-1-modal" class="product-name modal-link"
                   data-target="productWidget-widgetCarousel-1-productModal" onclick="kosikAjax.click(this, initModalCarousel(this))">
                    Apetit Dýňová polévka s krutony 500ml
                    <br><span class="new-product">Novinka</span>
                </a></h5>
            <p class="product-item-price ">
                <span class="price-before-discount">
				</span>
                <strong class="price">44,90 Kč</strong>

            </p>
            <p class="product-item-unit">
                    (<strong class="price">89,80 Kč</strong> / l)
            </p>
                        <div class="product-list-rating">
            </div>
<div id="snippet-productWidget-widgetCarousel-1-buy-52625-quantity">        <div class="product-quantity-control">
            <form action="/hotova-jidla" method="post" class="ajax" id="frm-productWidget-widgetCarousel-1-buy-52625-quantityForm">
                <input type="text" name="quantity" size="3" id="frm-productWidget-widgetCarousel-1-buy-52625-quantityForm-quantity" data-nette-rules='[{"op":":integer","msg":"Množství musí být číslo."}]' value="1" aria-label="počet k přidání">
                <input type="submit" name="_submit" value="Přidat" class="product-quantity-control-submit plus" aria-label="přidat počet do košíku">
            <input type="hidden" name="do" value="productWidget-widgetCarousel-1-buy-52625-quantityForm-submit"><!--[if IE]><input type=IEbug disabled style="display:none"><![endif]-->
</form>

        </div>
</div>
                <p class="product-incart-info accessible">Produkt nemáte v košíku</p>


        </div>

        
    </div>
    <div id="product-append-49117" class="product-item">
        <div class="product-item-flags">
        </div>
        <div class="product-item-image">
                <a data-href="/hotova-jidla?productWidget-widgetCarousel-1-id=49117&amp;do=productWidget-widgetCarousel-1-modal"
                   data-target="productWidget-widgetCarousel-1-productModal"
                   data-product-id="49117"
                   data-product-price="59"
                   data-page-title="Klasika Krémová hrášková s krutony 420g"
                   data-page-path="/produkt/49117-klasika-kremova-hraskova-s-krutony-420g"
                   data-user-id=""
                   aria-hidden="true"
                   data-kosikmodal-onclose="onProductModalDestroy"
                   onclick="kosikAjax.click(this, initModalCarousel(this))">
                    <img src="https://cdn.kosik.cz/content/product/jpg/list/placeholder.jpg" data-src="https://cdn.kosik.cz/content/product/jpg/list/66674.jpg" alt="Klasika Krémová hrášková s krutony 420g" class="loading-images loading-image">
                </a>




        </div>
                <div class="product-item-info">
                <h5><a href="javascript:void(0)" aria-label="Klasika Krémová hrášková s krutony 420g" data-href="/hotova-jidla?productWidget-widgetCarousel-1-id=49117&amp;do=productWidget-widgetCarousel-1-modal" class="product-name modal-link"
                   data-target="productWidget-widgetCarousel-1-productModal" onclick="kosikAjax.click(this, initModalCarousel(this))">
                    Klasika Krémová hrášková s krutony 420g
                    
                </a></h5>
            <p class="product-item-price ">
                <span class="price-before-discount">
				</span>
                <strong class="price">59,00 Kč</strong>

            </p>
            <p class="product-item-unit">
                    (<strong class="price">140,50 Kč</strong> / kg)
            </p>
                        <div class="product-list-rating">
            </div>
<div id="snippet-productWidget-widgetCarousel-1-buy-49117-quantity">        <div class="product-quantity-control">
            <form action="/hotova-jidla" method="post" class="ajax" id="frm-productWidget-widgetCarousel-1-buy-49117-quantityForm">
                <input type="text" name="quantity" size="3" id="frm-productWidget-widgetCarousel-1-buy-49117-quantityForm-quantity" data-nette-rules='[{"op":":integer","msg":"Množství musí být číslo."}]' value="1" aria-label="počet k přidání">
                <input type="submit" name="_submit" value="Přidat" class="product-quantity-control-submit plus" aria-label="přidat počet do košíku">
            <input type="hidden" name="do" value="productWidget-widgetCarousel-1-buy-49117-quantityForm-submit"><!--[if IE]><input type=IEbug disabled style="display:none"><![endif]-->
</form>

        </div>
</div>
                <p class="product-incart-info accessible">Produkt nemáte v košíku</p>


        </div>

        
    </div>
    <div id="product-append-52623" class="product-item">
        <div class="product-item-flags">
        </div>
        <div class="product-item-image">
                <a data-href="/hotova-jidla?productWidget-widgetCarousel-1-id=52623&amp;do=productWidget-widgetCarousel-1-modal"
                   data-target="productWidget-widgetCarousel-1-productModal"
                   data-product-id="52623"
                   data-product-price="44.9"
                   data-page-title="Apetit Fazolová polévka s párkem 500ml"
                   data-page-path="/produkt/52623-apetit-fazolova-polevka-s-parkem-500ml"
                   data-user-id=""
                   aria-hidden="true"
                   data-kosikmodal-onclose="onProductModalDestroy"
                   onclick="kosikAjax.click(this, initModalCarousel(this))">
                    <img src="https://cdn.kosik.cz/content/product/jpg/list/placeholder.jpg" data-src="https://cdn.kosik.cz/content/product/jpg/list/70229.jpg" alt="Apetit Fazolová polévka s párkem 500ml" class="loading-images loading-image">
                </a>




        </div>
                <div class="product-item-info">
                <h5><a href="javascript:void(0)" aria-label="Apetit Fazolová polévka s párkem 500ml" data-href="/hotova-jidla?productWidget-widgetCarousel-1-id=52623&amp;do=productWidget-widgetCarousel-1-modal" class="product-name modal-link"
                   data-target="productWidget-widgetCarousel-1-productModal" onclick="kosikAjax.click(this, initModalCarousel(this))">
                    Apetit Fazolová polévka s párkem 500ml
                    <br><span class="new-product">Novinka</span>
                </a></h5>
            <p class="product-item-price ">
                <span class="price-before-discount">
				</span>
                <strong class="price">44,90 Kč</strong>

            </p>
            <p class="product-item-unit">
                    (<strong class="price">89,80 Kč</strong> / l)
            </p>
                        <div class="product-list-rating">
            </div>
<div id="snippet-productWidget-widgetCarousel-1-buy-52623-quantity">        <div class="product-quantity-control">
            <form action="/hotova-jidla" method="post" class="ajax" id="frm-productWidget-widgetCarousel-1-buy-52623-quantityForm">
                <input type="text" name="quantity" size="3" id="frm-productWidget-widgetCarousel-1-buy-52623-quantityForm-quantity" data-nette-rules='[{"op":":integer","msg":"Množství musí být číslo."}]' value="1" aria-label="počet k přidání">
                <input type="submit" name="_submit" value="Přidat" class="product-quantity-control-submit plus" aria-label="přidat počet do košíku">
            <input type="hidden" name="do" value="productWidget-widgetCarousel-1-buy-52623-quantityForm-submit"><!--[if IE]><input type=IEbug disabled style="display:none"><![endif]-->
</form>

        </div>
</div>
                <p class="product-incart-info accessible">Produkt nemáte v košíku</p>


        </div>

        
    </div>
    <div id="product-append-49111" class="product-item">
        <div class="product-item-flags">
        </div>
        <div class="product-item-image">
                <a data-href="/hotova-jidla?productWidget-widgetCarousel-1-id=49111&amp;do=productWidget-widgetCarousel-1-modal"
                   data-target="productWidget-widgetCarousel-1-productModal"
                   data-product-id="49111"
                   data-product-price="59"
                   data-page-title="Klasika Moravská kyselica s uzeným, klobáskou 420g"
                   data-page-path="/produkt/49111-klasika-moravska-kyselica-s-uzenym-klobaskou-420g"
                   data-user-id=""
                   aria-hidden="true"
                   data-kosikmodal-onclose="onProductModalDestroy"
                   onclick="kosikAjax.click(this, initModalCarousel(this))">
                    <img src="https://cdn.kosik.cz/content/product/jpg/list/placeholder.jpg" data-src="https://cdn.kosik.cz/content/product/jpg/list/66668.jpg" alt="Klasika Moravská kyselica s uzeným, klobáskou 420g" class="loading-images loading-image">
                </a>




        </div>
                <div class="product-item-info">
                <h5><a href="javascript:void(0)" aria-label="Klasika Moravská kyselica s uzeným, klobáskou 420g" data-href="/hotova-jidla?productWidget-widgetCarousel-1-id=49111&amp;do=productWidget-widgetCarousel-1-modal" class="product-name modal-link"
                   data-target="productWidget-widgetCarousel-1-productModal" onclick="kosikAjax.click(this, initModalCarousel(this))">
                    Klasika Moravská kyselica s uzeným, klobáskou 420g
                    
                </a></h5>
            <p class="product-item-price ">
                <span class="price-before-discount">
				</span>
                <strong class="price">59,00 Kč</strong>

            </p>
            <p class="product-item-unit">
                    (<strong class="price">140,50 Kč</strong> / kg)
            </p>
                        <div class="product-list-rating">
            </div>
<div id="snippet-productWidget-widgetCarousel-1-buy-49111-quantity">        <div class="product-quantity-control">
            <form action="/hotova-jidla" method="post" class="ajax" id="frm-productWidget-widgetCarousel-1-buy-49111-quantityForm">
                <input type="text" name="quantity" size="3" id="frm-productWidget-widgetCarousel-1-buy-49111-quantityForm-quantity" data-nette-rules='[{"op":":integer","msg":"Množství musí být číslo."}]' value="1" aria-label="počet k přidání">
                <input type="submit" name="_submit" value="Přidat" class="product-quantity-control-submit plus" aria-label="přidat počet do košíku">
            <input type="hidden" name="do" value="productWidget-widgetCarousel-1-buy-49111-quantityForm-submit"><!--[if IE]><input type=IEbug disabled style="display:none"><![endif]-->
</form>

        </div>
</div>
                <p class="product-incart-info accessible">Produkt nemáte v košíku</p>


        </div>

        
    </div>
    <div id="product-append-37054" class="product-item">
        <div class="product-item-flags">
        </div>
        <div class="product-item-image">
                <a data-href="/hotova-jidla?productWidget-widgetCarousel-1-id=37054&amp;do=productWidget-widgetCarousel-1-modal"
                   data-target="productWidget-widgetCarousel-1-productModal"
                   data-product-id="37054"
                   data-product-price="99.9"
                   data-page-title="Konečně vývar Marocká polévka s červenou čočkou, 450ml"
                   data-page-path="/produkt/37054-konecne-vyvar-marocka-polevka-s-cervenou-cockou-450ml"
                   data-user-id=""
                   aria-hidden="true"
                   data-kosikmodal-onclose="onProductModalDestroy"
                   onclick="kosikAjax.click(this, initModalCarousel(this))">
                    <img src="https://cdn.kosik.cz/content/product/jpg/list/placeholder.jpg" data-src="https://cdn.kosik.cz/content/product/jpg/list/54677.jpg" alt="Konečně vývar Marocká polévka s červenou čočkou, 450ml" class="loading-images loading-image">
                </a>




        </div>
                <div class="product-item-info">
                <h5><a href="javascript:void(0)" aria-label="Konečně vývar Marocká polévka s červenou čočkou, 450ml" data-href="/hotova-jidla?productWidget-widgetCarousel-1-id=37054&amp;do=productWidget-widgetCarousel-1-modal" class="product-name modal-link"
                   data-target="productWidget-widgetCarousel-1-productModal" onclick="kosikAjax.click(this, initModalCarousel(this))">
                    Konečně vývar Marocká polévka s červenou čočkou, 450ml
                    
                </a></h5>
            <p class="product-item-price ">
                <span class="price-before-discount">
				</span>
                <strong class="price">99,90 Kč</strong>

            </p>
            <p class="product-item-unit">
                    (<strong class="price">222,00 Kč</strong> / l)
            </p>
                        <div class="product-list-rating">
            </div>
<div id="snippet-productWidget-widgetCarousel-1-buy-37054-quantity">        <div class="product-quantity-control">
            <form action="/hotova-jidla" method="post" class="ajax" id="frm-productWidget-widgetCarousel-1-buy-37054-quantityForm">
                <input type="text" name="quantity" size="3" id="frm-productWidget-widgetCarousel-1-buy-37054-quantityForm-quantity" data-nette-rules='[{"op":":integer","msg":"Množství musí být číslo."}]' value="1" aria-label="počet k přidání">
                <input type="submit" name="_submit" value="Přidat" class="product-quantity-control-submit plus" aria-label="přidat počet do košíku">
            <input type="hidden" name="do" value="productWidget-widgetCarousel-1-buy-37054-quantityForm-submit"><!--[if IE]><input type=IEbug disabled style="display:none"><![endif]-->
</form>

        </div>
</div>
                <p class="product-incart-info accessible">Produkt nemáte v košíku</p>


        </div>

        
    </div>
    <div id="product-append-52622" class="product-item">
        <div class="product-item-flags">
        </div>
        <div class="product-item-image">
                <a data-href="/hotova-jidla?productWidget-widgetCarousel-1-id=52622&amp;do=productWidget-widgetCarousel-1-modal"
                   data-target="productWidget-widgetCarousel-1-productModal"
                   data-product-id="52622"
                   data-product-price="44.9"
                   data-page-title="Apetit Zelná bílá polévka s klobásou 500ml"
                   data-page-path="/produkt/52622-apetit-zelna-bila-polevka-s-klobasou-500ml"
                   data-user-id=""
                   aria-hidden="true"
                   data-kosikmodal-onclose="onProductModalDestroy"
                   onclick="kosikAjax.click(this, initModalCarousel(this))">
                    <img src="https://cdn.kosik.cz/content/product/jpg/list/placeholder.jpg" data-src="https://cdn.kosik.cz/content/product/jpg/list/70228.jpg" alt="Apetit Zelná bílá polévka s klobásou 500ml" class="loading-images loading-image">
                </a>




        </div>
                <div class="product-item-info">
                <h5><a href="javascript:void(0)" aria-label="Apetit Zelná bílá polévka s klobásou 500ml" data-href="/hotova-jidla?productWidget-widgetCarousel-1-id=52622&amp;do=productWidget-widgetCarousel-1-modal" class="product-name modal-link"
                   data-target="productWidget-widgetCarousel-1-productModal" onclick="kosikAjax.click(this, initModalCarousel(this))">
                    Apetit Zelná bílá polévka s klobásou 500ml
                    <br><span class="new-product">Novinka</span>
                </a></h5>
            <p class="product-item-price ">
                <span class="price-before-discount">
				</span>
                <strong class="price">44,90 Kč</strong>

            </p>
            <p class="product-item-unit">
                    (<strong class="price">89,80 Kč</strong> / l)
            </p>
                        <div class="product-list-rating">
            </div>
<div id="snippet-productWidget-widgetCarousel-1-buy-52622-quantity">        <div class="product-quantity-control">
            <form action="/hotova-jidla" method="post" class="ajax" id="frm-productWidget-widgetCarousel-1-buy-52622-quantityForm">
                <input type="text" name="quantity" size="3" id="frm-productWidget-widgetCarousel-1-buy-52622-quantityForm-quantity" data-nette-rules='[{"op":":integer","msg":"Množství musí být číslo."}]' value="1" aria-label="počet k přidání">
                <input type="submit" name="_submit" value="Přidat" class="product-quantity-control-submit plus" aria-label="přidat počet do košíku">
            <input type="hidden" name="do" value="productWidget-widgetCarousel-1-buy-52622-quantityForm-submit"><!--[if IE]><input type=IEbug disabled style="display:none"><![endif]-->
</form>

        </div>
</div>
                <p class="product-incart-info accessible">Produkt nemáte v košíku</p>


        </div>

        
    </div>
    <div id="product-append-3539" class="product-item">
        <div class="product-item-flags">
        </div>
        <div class="product-item-image">
                <a data-href="/hotova-jidla?productWidget-widgetCarousel-1-id=3539&amp;do=productWidget-widgetCarousel-1-modal"
                   data-target="productWidget-widgetCarousel-1-productModal"
                   data-product-id="3539"
                   data-product-price="49.9"
                   data-page-title="Brick Gulášová polévka 650g"
                   data-page-path="/produkt/3539-brick-gulasova-polevka-650g"
                   data-user-id=""
                   aria-hidden="true"
                   data-kosikmodal-onclose="onProductModalDestroy"
                   onclick="kosikAjax.click(this, initModalCarousel(this))">
                    <img src="https://cdn.kosik.cz/content/product/jpg/list/placeholder.jpg" data-src="https://cdn.kosik.cz/content/product/jpg/list/3671.jpg" alt="Brick Gulášová polévka 650g" class="loading-images loading-image">
                </a>




        </div>
                <div class="product-item-info">
                <h5><a href="javascript:void(0)" aria-label="Brick Gulášová polévka 650g" data-href="/hotova-jidla?productWidget-widgetCarousel-1-id=3539&amp;do=productWidget-widgetCarousel-1-modal" class="product-name modal-link"
                   data-target="productWidget-widgetCarousel-1-productModal" onclick="kosikAjax.click(this, initModalCarousel(this))">
                    Brick Gulášová polévka 650g
                    
                </a></h5>
            <p class="product-item-price ">
                <span class="price-before-discount">
				</span>
                <strong class="price">49,90 Kč</strong>

            </p>
            <p class="product-item-unit">
                    (<strong class="price">76,80 Kč</strong> / kg)
            </p>
                        <div class="product-list-rating">
            </div>
<div id="snippet-productWidget-widgetCarousel-1-buy-3539-quantity">        <div class="product-quantity-control">
            <form action="/hotova-jidla" method="post" class="ajax" id="frm-productWidget-widgetCarousel-1-buy-3539-quantityForm">
                <input type="text" name="quantity" size="3" id="frm-productWidget-widgetCarousel-1-buy-3539-quantityForm-quantity" data-nette-rules='[{"op":":integer","msg":"Množství musí být číslo."}]' value="1" aria-label="počet k přidání">
                <input type="submit" name="_submit" value="Přidat" class="product-quantity-control-submit plus" aria-label="přidat počet do košíku">
            <input type="hidden" name="do" value="productWidget-widgetCarousel-1-buy-3539-quantityForm-submit"><!--[if IE]><input type=IEbug disabled style="display:none"><![endif]-->
</form>

        </div>
</div>
                <p class="product-incart-info accessible">Produkt nemáte v košíku</p>


        </div>

        
    </div>
    <div id="product-append-3540" class="product-item">
        <div class="product-item-flags">
        </div>
        <div class="product-item-image">
                <a data-href="/hotova-jidla?productWidget-widgetCarousel-1-id=3540&amp;do=productWidget-widgetCarousel-1-modal"
                   data-target="productWidget-widgetCarousel-1-productModal"
                   data-product-id="3540"
                   data-product-price="49.9"
                   data-page-title="Brick Zabíjačková polévka 650g"
                   data-page-path="/produkt/3540-brick-zabijackova-polevka-650g"
                   data-user-id=""
                   aria-hidden="true"
                   data-kosikmodal-onclose="onProductModalDestroy"
                   onclick="kosikAjax.click(this, initModalCarousel(this))">
                    <img src="https://cdn.kosik.cz/content/product/jpg/list/placeholder.jpg" data-src="https://cdn.kosik.cz/content/product/jpg/list/3672.jpg" alt="Brick Zabíjačková polévka 650g" class="loading-images loading-image">
                </a>




        </div>
                <div class="product-item-info">
                <h5><a href="javascript:void(0)" aria-label="Brick Zabíjačková polévka 650g" data-href="/hotova-jidla?productWidget-widgetCarousel-1-id=3540&amp;do=productWidget-widgetCarousel-1-modal" class="product-name modal-link"
                   data-target="productWidget-widgetCarousel-1-productModal" onclick="kosikAjax.click(this, initModalCarousel(this))">
                    Brick Zabíjačková polévka 650g
                    
                </a></h5>
            <p class="product-item-price ">
                <span class="price-before-discount">
				</span>
                <strong class="price">49,90 Kč</strong>

            </p>
            <p class="product-item-unit">
                    (<strong class="price">76,80 Kč</strong> / kg)
            </p>
                        <div class="product-list-rating">
            </div>
<div id="snippet-productWidget-widgetCarousel-1-buy-3540-quantity">        <div class="product-quantity-control">
            <form action="/hotova-jidla" method="post" class="ajax" id="frm-productWidget-widgetCarousel-1-buy-3540-quantityForm">
                <input type="text" name="quantity" size="3" id="frm-productWidget-widgetCarousel-1-buy-3540-quantityForm-quantity" data-nette-rules='[{"op":":integer","msg":"Množství musí být číslo."}]' value="1" aria-label="počet k přidání">
                <input type="submit" name="_submit" value="Přidat" class="product-quantity-control-submit plus" aria-label="přidat počet do košíku">
            <input type="hidden" name="do" value="productWidget-widgetCarousel-1-buy-3540-quantityForm-submit"><!--[if IE]><input type=IEbug disabled style="display:none"><![endif]-->
</form>

        </div>
</div>
                <p class="product-incart-info accessible">Produkt nemáte v košíku</p>


        </div>

        
    </div>
    <div id="product-append-20479" class="product-item">
        <div class="product-item-flags">
        </div>
        <div class="product-item-image">
                <a data-href="/hotova-jidla?productWidget-widgetCarousel-1-id=20479&amp;do=productWidget-widgetCarousel-1-modal"
                   data-target="productWidget-widgetCarousel-1-productModal"
                   data-product-id="20479"
                   data-product-price="49.9"
                   data-page-title="Brick Zelná polévka 650g"
                   data-page-path="/produkt/20479-brick-zelna-polevka-650g"
                   data-user-id=""
                   aria-hidden="true"
                   data-kosikmodal-onclose="onProductModalDestroy"
                   onclick="kosikAjax.click(this, initModalCarousel(this))">
                    <img src="https://cdn.kosik.cz/content/product/jpg/list/placeholder.jpg" data-src="https://cdn.kosik.cz/content/product/jpg/list/37731.jpg" alt="Brick Zelná polévka 650g" class="loading-images loading-image">
                </a>




        </div>
                <div class="product-item-info">
                <h5><a href="javascript:void(0)" aria-label="Brick Zelná polévka 650g" data-href="/hotova-jidla?productWidget-widgetCarousel-1-id=20479&amp;do=productWidget-widgetCarousel-1-modal" class="product-name modal-link"
                   data-target="productWidget-widgetCarousel-1-productModal" onclick="kosikAjax.click(this, initModalCarousel(this))">
                    Brick Zelná polévka 650g
                    
                </a></h5>
            <p class="product-item-price ">
                <span class="price-before-discount">
				</span>
                <strong class="price">49,90 Kč</strong>

            </p>
            <p class="product-item-unit">
                    (<strong class="price">76,80 Kč</strong> / kg)
            </p>
                        <div class="product-list-rating">
                <span><ul class="rating"><li class="rating-children rating-1 up" data-rating="1"><i class="fa fa-star"></i></li><li class="rating-children rating-2 up" data-rating="2"><i class="fa fa-star"></i></li><li class="rating-children rating-3 down" data-rating="3"><i class="fa fa-star"></i></li><li class="rating-children rating-4 down" data-rating="4"><i class="fa fa-star"></i></li><li class="rating-children rating-5 down" data-rating="5"><i class="fa fa-star"></i></li></ul></span>
            </div>
<div id="snippet-productWidget-widgetCarousel-1-buy-20479-quantity">        <div class="product-quantity-control">
            <form action="/hotova-jidla" method="post" class="ajax" id="frm-productWidget-widgetCarousel-1-buy-20479-quantityForm">
                <input type="text" name="quantity" size="3" id="frm-productWidget-widgetCarousel-1-buy-20479-quantityForm-quantity" data-nette-rules='[{"op":":integer","msg":"Množství musí být číslo."}]' value="1" aria-label="počet k přidání">
                <input type="submit" name="_submit" value="Přidat" class="product-quantity-control-submit plus" aria-label="přidat počet do košíku">
            <input type="hidden" name="do" value="productWidget-widgetCarousel-1-buy-20479-quantityForm-submit"><!--[if IE]><input type=IEbug disabled style="display:none"><![endif]-->
</form>

        </div>
</div>
                <p class="product-incart-info accessible">Produkt nemáte v košíku</p>


        </div>

        
    </div>
    <div id="product-append-37058" class="product-item">
        <div class="product-item-flags">
        </div>
        <div class="product-item-image">
                <a data-href="/hotova-jidla?productWidget-widgetCarousel-1-id=37058&amp;do=productWidget-widgetCarousel-1-modal"
                   data-target="productWidget-widgetCarousel-1-productModal"
                   data-product-id="37058"
                   data-product-price="99.9"
                   data-page-title="Konečně vývar Fazolová polévka s kuřecím masem, 450ml"
                   data-page-path="/produkt/37058-konecne-vyvar-fazolova-polevka-s-kurecim-masem-450ml"
                   data-user-id=""
                   aria-hidden="true"
                   data-kosikmodal-onclose="onProductModalDestroy"
                   onclick="kosikAjax.click(this, initModalCarousel(this))">
                    <img src="https://cdn.kosik.cz/content/product/jpg/list/placeholder.jpg" data-src="https://cdn.kosik.cz/content/product/jpg/list/54681.jpg" alt="Konečně vývar Fazolová polévka s kuřecím masem, 450ml" class="loading-images loading-image">
                </a>




        </div>
                <div class="product-item-info">
                <h5><a href="javascript:void(0)" aria-label="Konečně vývar Fazolová polévka s kuřecím masem, 450ml" data-href="/hotova-jidla?productWidget-widgetCarousel-1-id=37058&amp;do=productWidget-widgetCarousel-1-modal" class="product-name modal-link"
                   data-target="productWidget-widgetCarousel-1-productModal" onclick="kosikAjax.click(this, initModalCarousel(this))">
                    Konečně vývar Fazolová polévka s kuřecím masem, 450ml
                    
                </a></h5>
            <p class="product-item-price ">
                <span class="price-before-discount">
				</span>
                <strong class="price">99,90 Kč</strong>

            </p>
            <p class="product-item-unit">
                    (<strong class="price">222,00 Kč</strong> / l)
            </p>
                        <div class="product-list-rating">
            </div>
<div id="snippet-productWidget-widgetCarousel-1-buy-37058-quantity">        <div class="product-quantity-control">
            <form action="/hotova-jidla" method="post" class="ajax" id="frm-productWidget-widgetCarousel-1-buy-37058-quantityForm">
                <input type="text" name="quantity" size="3" id="frm-productWidget-widgetCarousel-1-buy-37058-quantityForm-quantity" data-nette-rules='[{"op":":integer","msg":"Množství musí být číslo."}]' value="1" aria-label="počet k přidání">
                <input type="submit" name="_submit" value="Přidat" class="product-quantity-control-submit plus" aria-label="přidat počet do košíku">
            <input type="hidden" name="do" value="productWidget-widgetCarousel-1-buy-37058-quantityForm-submit"><!--[if IE]><input type=IEbug disabled style="display:none"><![endif]-->
</form>

        </div>
</div>
                <p class="product-incart-info accessible">Produkt nemáte v košíku</p>


        </div>

        
    </div>
    <div id="product-append-37693" class="product-item">
        <div class="product-item-flags">
        </div>
        <div class="product-item-image">
                <a data-href="/hotova-jidla?productWidget-widgetCarousel-1-id=37693&amp;do=productWidget-widgetCarousel-1-modal"
                   data-target="productWidget-widgetCarousel-1-productModal"
                   data-product-id="37693"
                   data-product-price="69.9"
                   data-page-title="Dršťková polévka 500g"
                   data-page-path="/produkt/37693-drstkova-polevka-500g"
                   data-user-id=""
                   aria-hidden="true"
                   data-kosikmodal-onclose="onProductModalDestroy"
                   onclick="kosikAjax.click(this, initModalCarousel(this))">
                    <img src="https://cdn.kosik.cz/content/product/jpg/list/placeholder.jpg" data-src="https://cdn.kosik.cz/content/product/jpg/list/55354.jpg" alt="Dršťková polévka 500g" class="loading-images loading-image">
                </a>




        </div>
                <div class="product-item-info">
                <h5><a href="javascript:void(0)" aria-label="Dršťková polévka 500g" data-href="/hotova-jidla?productWidget-widgetCarousel-1-id=37693&amp;do=productWidget-widgetCarousel-1-modal" class="product-name modal-link"
                   data-target="productWidget-widgetCarousel-1-productModal" onclick="kosikAjax.click(this, initModalCarousel(this))">
                    Dršťková polévka 500g
                    
                </a></h5>
            <p class="product-item-price ">
                <span class="price-before-discount">
				</span>
                <strong class="price">69,90 Kč</strong>

            </p>
            <p class="product-item-unit">
                    (<strong class="price">139,80 Kč</strong> / kg)
            </p>
                        <div class="product-list-rating">
            </div>
<div id="snippet-productWidget-widgetCarousel-1-buy-37693-quantity">        <div class="product-quantity-control">
            <form action="/hotova-jidla" method="post" class="ajax" id="frm-productWidget-widgetCarousel-1-buy-37693-quantityForm">
                <input type="text" name="quantity" size="3" id="frm-productWidget-widgetCarousel-1-buy-37693-quantityForm-quantity" data-nette-rules='[{"op":":integer","msg":"Množství musí být číslo."}]' value="1" aria-label="počet k přidání">
                <input type="submit" name="_submit" value="Přidat" class="product-quantity-control-submit plus" aria-label="přidat počet do košíku">
            <input type="hidden" name="do" value="productWidget-widgetCarousel-1-buy-37693-quantityForm-submit"><!--[if IE]><input type=IEbug disabled style="display:none"><![endif]-->
</form>

        </div>
</div>
                <p class="product-incart-info accessible">Produkt nemáte v košíku</p>


        </div>

        
    </div>
    <div id="product-append-37695" class="product-item">
        <div class="product-item-flags">
        </div>
        <div class="product-item-image">
                <a data-href="/hotova-jidla?productWidget-widgetCarousel-1-id=37695&amp;do=productWidget-widgetCarousel-1-modal"
                   data-target="productWidget-widgetCarousel-1-productModal"
                   data-product-id="37695"
                   data-product-price="59.9"
                   data-page-title="Gulášová polévka 500g"
                   data-page-path="/produkt/37695-gulasova-polevka-500g"
                   data-user-id=""
                   aria-hidden="true"
                   data-kosikmodal-onclose="onProductModalDestroy"
                   onclick="kosikAjax.click(this, initModalCarousel(this))">
                    <img src="https://cdn.kosik.cz/content/product/jpg/list/placeholder.jpg" data-src="https://cdn.kosik.cz/content/product/jpg/list/55356.jpg" alt="Gulášová polévka 500g" class="loading-images loading-image">
                </a>




        </div>
                <div class="product-item-info">
                <h5><a href="javascript:void(0)" aria-label="Gulášová polévka 500g" data-href="/hotova-jidla?productWidget-widgetCarousel-1-id=37695&amp;do=productWidget-widgetCarousel-1-modal" class="product-name modal-link"
                   data-target="productWidget-widgetCarousel-1-productModal" onclick="kosikAjax.click(this, initModalCarousel(this))">
                    Gulášová polévka 500g
                    
                </a></h5>
            <p class="product-item-price ">
                <span class="price-before-discount">
				</span>
                <strong class="price">59,90 Kč</strong>

            </p>
            <p class="product-item-unit">
                    (<strong class="price">119,80 Kč</strong> / kg)
            </p>
                        <div class="product-list-rating">
            </div>
<div id="snippet-productWidget-widgetCarousel-1-buy-37695-quantity">        <div class="product-quantity-control">
            <form action="/hotova-jidla" method="post" class="ajax" id="frm-productWidget-widgetCarousel-1-buy-37695-quantityForm">
                <input type="text" name="quantity" size="3" id="frm-productWidget-widgetCarousel-1-buy-37695-quantityForm-quantity" data-nette-rules='[{"op":":integer","msg":"Množství musí být číslo."}]' value="1" aria-label="počet k přidání">
                <input type="submit" name="_submit" value="Přidat" class="product-quantity-control-submit plus" aria-label="přidat počet do košíku">
            <input type="hidden" name="do" value="productWidget-widgetCarousel-1-buy-37695-quantityForm-submit"><!--[if IE]><input type=IEbug disabled style="display:none"><![endif]-->
</form>

        </div>
</div>
                <p class="product-incart-info accessible">Produkt nemáte v košíku</p>


        </div>

        
    </div>
    <div id="product-append-37696" class="product-item">
        <div class="product-item-flags">
        </div>
        <div class="product-item-image">
                <a data-href="/hotova-jidla?productWidget-widgetCarousel-1-id=37696&amp;do=productWidget-widgetCarousel-1-modal"
                   data-target="productWidget-widgetCarousel-1-productModal"
                   data-product-id="37696"
                   data-product-price="49.9"
                   data-page-title="Zabijačková polévka 500g"
                   data-page-path="/produkt/37696-zabijackova-polevka-500g"
                   data-user-id=""
                   aria-hidden="true"
                   data-kosikmodal-onclose="onProductModalDestroy"
                   onclick="kosikAjax.click(this, initModalCarousel(this))">
                    <img src="https://cdn.kosik.cz/content/product/jpg/list/placeholder.jpg" data-src="https://cdn.kosik.cz/content/product/jpg/list/55357.jpg" alt="Zabijačková polévka 500g" class="loading-images loading-image">
                </a>




        </div>
                <div class="product-item-info">
                <h5><a href="javascript:void(0)" aria-label="Zabijačková polévka 500g" data-href="/hotova-jidla?productWidget-widgetCarousel-1-id=37696&amp;do=productWidget-widgetCarousel-1-modal" class="product-name modal-link"
                   data-target="productWidget-widgetCarousel-1-productModal" onclick="kosikAjax.click(this, initModalCarousel(this))">
                    Zabijačková polévka 500g
                    
                </a></h5>
            <p class="product-item-price ">
                <span class="price-before-discount">
				</span>
                <strong class="price">49,90 Kč</strong>

            </p>
            <p class="product-item-unit">
                    (<strong class="price">99,80 Kč</strong> / kg)
            </p>
                        <div class="product-list-rating">
            </div>
<div id="snippet-productWidget-widgetCarousel-1-buy-37696-quantity">        <div class="product-quantity-control">
            <form action="/hotova-jidla" method="post" class="ajax" id="frm-productWidget-widgetCarousel-1-buy-37696-quantityForm">
                <input type="text" name="quantity" size="3" id="frm-productWidget-widgetCarousel-1-buy-37696-quantityForm-quantity" data-nette-rules='[{"op":":integer","msg":"Množství musí být číslo."}]' value="1" aria-label="počet k přidání">
                <input type="submit" name="_submit" value="Přidat" class="product-quantity-control-submit plus" aria-label="přidat počet do košíku">
            <input type="hidden" name="do" value="productWidget-widgetCarousel-1-buy-37696-quantityForm-submit"><!--[if IE]><input type=IEbug disabled style="display:none"><![endif]-->
</form>

        </div>
</div>
                <p class="product-incart-info accessible">Produkt nemáte v košíku</p>


        </div>

        
    </div>
    <div id="product-append-49112" class="product-item">
        <div class="product-item-flags">
        </div>
        <div class="product-item-image">
                <a data-href="/hotova-jidla?productWidget-widgetCarousel-1-id=49112&amp;do=productWidget-widgetCarousel-1-modal"
                   data-target="productWidget-widgetCarousel-1-productModal"
                   data-product-id="49112"
                   data-product-price="59"
                   data-page-title="Klasika Staročeská bramboračka s houbami 420g"
                   data-page-path="/produkt/49112-klasika-staroceska-bramboracka-s-houbami-420g"
                   data-user-id=""
                   aria-hidden="true"
                   data-kosikmodal-onclose="onProductModalDestroy"
                   onclick="kosikAjax.click(this, initModalCarousel(this))">
                    <img src="https://cdn.kosik.cz/content/product/jpg/list/placeholder.jpg" data-src="https://cdn.kosik.cz/content/product/jpg/list/66669.jpg" alt="Klasika Staročeská bramboračka s houbami 420g" class="loading-images loading-image">
                </a>




        </div>
                <div class="product-item-info">
                <h5><a href="javascript:void(0)" aria-label="Klasika Staročeská bramboračka s houbami 420g" data-href="/hotova-jidla?productWidget-widgetCarousel-1-id=49112&amp;do=productWidget-widgetCarousel-1-modal" class="product-name modal-link"
                   data-target="productWidget-widgetCarousel-1-productModal" onclick="kosikAjax.click(this, initModalCarousel(this))">
                    Klasika Staročeská bramboračka s houbami 420g
                    
                </a></h5>
            <p class="product-item-price ">
                <span class="price-before-discount">
				</span>
                <strong class="price">59,00 Kč</strong>

            </p>
            <p class="product-item-unit">
                    (<strong class="price">140,50 Kč</strong> / kg)
            </p>
                        <div class="product-list-rating">
            </div>
<div id="snippet-productWidget-widgetCarousel-1-buy-49112-quantity">        <div class="product-quantity-control">
            <form action="/hotova-jidla" method="post" class="ajax" id="frm-productWidget-widgetCarousel-1-buy-49112-quantityForm">
                <input type="text" name="quantity" size="3" id="frm-productWidget-widgetCarousel-1-buy-49112-quantityForm-quantity" data-nette-rules='[{"op":":integer","msg":"Množství musí být číslo."}]' value="1" aria-label="počet k přidání">
                <input type="submit" name="_submit" value="Přidat" class="product-quantity-control-submit plus" aria-label="přidat počet do košíku">
            <input type="hidden" name="do" value="productWidget-widgetCarousel-1-buy-49112-quantityForm-submit"><!--[if IE]><input type=IEbug disabled style="display:none"><![endif]-->
</form>

        </div>
</div>
                <p class="product-incart-info accessible">Produkt nemáte v košíku</p>


        </div>

        
    </div>
    <div id="product-append-52621" class="product-item">
        <div class="product-item-flags">
        </div>
        <div class="product-item-image">
                <a data-href="/hotova-jidla?productWidget-widgetCarousel-1-id=52621&amp;do=productWidget-widgetCarousel-1-modal"
                   data-target="productWidget-widgetCarousel-1-productModal"
                   data-product-id="52621"
                   data-product-price="44.9"
                   data-page-title="Apetit Čočková polévka s párkem 500ml"
                   data-page-path="/produkt/52621-apetit-cockova-polevka-s-parkem-500ml"
                   data-user-id=""
                   aria-hidden="true"
                   data-kosikmodal-onclose="onProductModalDestroy"
                   onclick="kosikAjax.click(this, initModalCarousel(this))">
                    <img src="https://cdn.kosik.cz/content/product/jpg/list/placeholder.jpg" data-src="https://cdn.kosik.cz/content/product/jpg/list/70227.jpg" alt="Apetit Čočková polévka s párkem 500ml" class="loading-images loading-image">
                </a>




        </div>
                <div class="product-item-info">
                <h5><a href="javascript:void(0)" aria-label="Apetit Čočková polévka s párkem 500ml" data-href="/hotova-jidla?productWidget-widgetCarousel-1-id=52621&amp;do=productWidget-widgetCarousel-1-modal" class="product-name modal-link"
                   data-target="productWidget-widgetCarousel-1-productModal" onclick="kosikAjax.click(this, initModalCarousel(this))">
                    Apetit Čočková polévka s párkem 500ml
                    <br><span class="new-product">Novinka</span>
                </a></h5>
            <p class="product-item-price ">
                <span class="price-before-discount">
				</span>
                <strong class="price">44,90 Kč</strong>

            </p>
            <p class="product-item-unit">
                    (<strong class="price">89,80 Kč</strong> / l)
            </p>
                        <div class="product-list-rating">
            </div>
<div id="snippet-productWidget-widgetCarousel-1-buy-52621-quantity">        <div class="product-quantity-control">
            <form action="/hotova-jidla" method="post" class="ajax" id="frm-productWidget-widgetCarousel-1-buy-52621-quantityForm">
                <input type="text" name="quantity" size="3" id="frm-productWidget-widgetCarousel-1-buy-52621-quantityForm-quantity" data-nette-rules='[{"op":":integer","msg":"Množství musí být číslo."}]' value="1" aria-label="počet k přidání">
                <input type="submit" name="_submit" value="Přidat" class="product-quantity-control-submit plus" aria-label="přidat počet do košíku">
            <input type="hidden" name="do" value="productWidget-widgetCarousel-1-buy-52621-quantityForm-submit"><!--[if IE]><input type=IEbug disabled style="display:none"><![endif]-->
</form>

        </div>
</div>
                <p class="product-incart-info accessible">Produkt nemáte v košíku</p>


        </div>

        
    </div>
</div>

<div class="kosik-modal-overlay product-modal" id="productWidget-widgetCarousel-1-productModal" role="dialog">
    <div class="kosik-modal-inner large super-scaled" id="snippet-productWidget-widgetCarousel-1-productModalArea">
    </div>
</div>


<div class="kosik-modal-overlay" id="productWidget-widgetCarousel-1-productSetModal" role="dialog">
    <div class="kosik-modal-inner large super-scaled" id="snippet-productWidget-widgetCarousel-1-productSetModalArea">
    </div>
</div>
			</div>
		</div>
		<div class="region region-carousel region-products no-aside product-widget">
			<div class="home-product-widget region-inner region-products-inner slick-carousel" data-open="3" data-close="4">
				<div class="block block-title">
					<h3>Pizza</h3>
				</div>
<script async>

    var onProductModalDestroy = function() {

    	var pageData = window.dataLayer[0];

        pageData["event"] = "ga.pageview";
        pageData["pagePath"] = window.location.pathname;
        pageData["pageTitle"] = window.document.title;

	    dataLayer.push(pageData);
    };
</script>
<div class="block block-product-items product-items" data-ajax-append="product-item" id="snippet-productWidget-widgetCarousel-2-productListArea">
    <div id="product-append-2261" class="product-item">
        <div class="product-item-flags">
        </div>
        <div class="product-item-image">
                <a data-href="/hotova-jidla?productWidget-widgetCarousel-2-id=2261&amp;do=productWidget-widgetCarousel-2-modal"
                   data-target="productWidget-widgetCarousel-2-productModal"
                   data-product-id="2261"
                   data-product-price="64.9"
                   data-page-title="Dr. Oetker Pizza Ristorante Mozzarella 330g"
                   data-page-path="/produkt/2261-dr-oetker-pizza-ristorante-mozzarella-330g"
                   data-user-id=""
                   aria-hidden="true"
                   data-kosikmodal-onclose="onProductModalDestroy"
                   onclick="kosikAjax.click(this, initModalCarousel(this))">
                    <img src="https://cdn.kosik.cz/content/product/jpg/list/placeholder.jpg" data-src="https://cdn.kosik.cz/content/product/jpg/list/2349.jpg" alt="Dr. Oetker Pizza Ristorante Mozzarella 330g" class="loading-images loading-image">
                </a>




        </div>
                <div class="product-item-info">
                <h5><a href="javascript:void(0)" aria-label="Dr. Oetker Pizza Ristorante Mozzarella 330g" data-href="/hotova-jidla?productWidget-widgetCarousel-2-id=2261&amp;do=productWidget-widgetCarousel-2-modal" class="product-name modal-link"
                   data-target="productWidget-widgetCarousel-2-productModal" onclick="kosikAjax.click(this, initModalCarousel(this))">
                    Dr. Oetker Pizza Ristorante Mozzarella 330g
                    
                </a></h5>
            <p class="product-item-price ">
                <span class="price-before-discount">
				</span>
                <strong class="price">64,90 Kč</strong>

            </p>
            <p class="product-item-unit">
                    (<strong class="price">196,70 Kč</strong> / kg)
            </p>
                        <div class="product-list-rating">
            </div>
<div id="snippet-productWidget-widgetCarousel-2-buy-2261-quantity">        <div class="product-quantity-control">
            <form action="/hotova-jidla" method="post" class="ajax" id="frm-productWidget-widgetCarousel-2-buy-2261-quantityForm">
                <input type="text" name="quantity" size="3" id="frm-productWidget-widgetCarousel-2-buy-2261-quantityForm-quantity" data-nette-rules='[{"op":":integer","msg":"Množství musí být číslo."}]' value="1" aria-label="počet k přidání">
                <input type="submit" name="_submit" value="Přidat" class="product-quantity-control-submit plus" aria-label="přidat počet do košíku">
            <input type="hidden" name="do" value="productWidget-widgetCarousel-2-buy-2261-quantityForm-submit"><!--[if IE]><input type=IEbug disabled style="display:none"><![endif]-->
</form>

        </div>
</div>
                <p class="product-incart-info accessible">Produkt nemáte v košíku</p>


        </div>

        
    </div>
    <div id="product-append-2262" class="product-item">
        <div class="product-item-flags">
        </div>
        <div class="product-item-image">
                <a data-href="/hotova-jidla?productWidget-widgetCarousel-2-id=2262&amp;do=productWidget-widgetCarousel-2-modal"
                   data-target="productWidget-widgetCarousel-2-productModal"
                   data-product-id="2262"
                   data-product-price="64.9"
                   data-page-title="Dr. Oetker Pizza Ristorante Pepperoni Salame Piccante 320g"
                   data-page-path="/produkt/2262-dr-oetker-pizza-ristorante-pepperoni-salame-piccante-320g"
                   data-user-id=""
                   aria-hidden="true"
                   data-kosikmodal-onclose="onProductModalDestroy"
                   onclick="kosikAjax.click(this, initModalCarousel(this))">
                    <img src="https://cdn.kosik.cz/content/product/jpg/list/placeholder.jpg" data-src="https://cdn.kosik.cz/content/product/jpg/list/2350.jpg" alt="Dr. Oetker Pizza Ristorante Pepperoni Salame Piccante 320g" class="loading-images loading-image">
                </a>




        </div>
                <div class="product-item-info">
                <h5><a href="javascript:void(0)" aria-label="Dr. Oetker Pizza Ristorante Pepperoni Salame Piccante 320g" data-href="/hotova-jidla?productWidget-widgetCarousel-2-id=2262&amp;do=productWidget-widgetCarousel-2-modal" class="product-name modal-link"
                   data-target="productWidget-widgetCarousel-2-productModal" onclick="kosikAjax.click(this, initModalCarousel(this))">
                    Dr. Oetker Pizza Ristorante Pepperoni Salame Piccante 320g
                    
                </a></h5>
            <p class="product-item-price ">
                <span class="price-before-discount">
				</span>
                <strong class="price">64,90 Kč</strong>

            </p>
            <p class="product-item-unit">
                    (<strong class="price">202,80 Kč</strong> / kg)
            </p>
                        <div class="product-list-rating">
            </div>
<div id="snippet-productWidget-widgetCarousel-2-buy-2262-quantity">        <div class="product-quantity-control">
            <form action="/hotova-jidla" method="post" class="ajax" id="frm-productWidget-widgetCarousel-2-buy-2262-quantityForm">
                <input type="text" name="quantity" size="3" id="frm-productWidget-widgetCarousel-2-buy-2262-quantityForm-quantity" data-nette-rules='[{"op":":integer","msg":"Množství musí být číslo."}]' value="1" aria-label="počet k přidání">
                <input type="submit" name="_submit" value="Přidat" class="product-quantity-control-submit plus" aria-label="přidat počet do košíku">
            <input type="hidden" name="do" value="productWidget-widgetCarousel-2-buy-2262-quantityForm-submit"><!--[if IE]><input type=IEbug disabled style="display:none"><![endif]-->
</form>

        </div>
</div>
                <p class="product-incart-info accessible">Produkt nemáte v košíku</p>


        </div>

        
    </div>
    <div id="product-append-2263" class="product-item">
        <div class="product-item-flags">
        </div>
        <div class="product-item-image">
                <a data-href="/hotova-jidla?productWidget-widgetCarousel-2-id=2263&amp;do=productWidget-widgetCarousel-2-modal"
                   data-target="productWidget-widgetCarousel-2-productModal"
                   data-product-id="2263"
                   data-product-price="64.9"
                   data-page-title="Dr. Oetker Pizza Ristorante Pollo 335g"
                   data-page-path="/produkt/2263-dr-oetker-pizza-ristorante-pollo-335g"
                   data-user-id=""
                   aria-hidden="true"
                   data-kosikmodal-onclose="onProductModalDestroy"
                   onclick="kosikAjax.click(this, initModalCarousel(this))">
                    <img src="https://cdn.kosik.cz/content/product/jpg/list/placeholder.jpg" data-src="https://cdn.kosik.cz/content/product/jpg/list/2351.jpg" alt="Dr. Oetker Pizza Ristorante Pollo 335g" class="loading-images loading-image">
                </a>




        </div>
                <div class="product-item-info">
                <h5><a href="javascript:void(0)" aria-label="Dr. Oetker Pizza Ristorante Pollo 335g" data-href="/hotova-jidla?productWidget-widgetCarousel-2-id=2263&amp;do=productWidget-widgetCarousel-2-modal" class="product-name modal-link"
                   data-target="productWidget-widgetCarousel-2-productModal" onclick="kosikAjax.click(this, initModalCarousel(this))">
                    Dr. Oetker Pizza Ristorante Pollo 335g
                    
                </a></h5>
            <p class="product-item-price ">
                <span class="price-before-discount">
				</span>
                <strong class="price">64,90 Kč</strong>

            </p>
            <p class="product-item-unit">
                    (<strong class="price">193,70 Kč</strong> / kg)
            </p>
                        <div class="product-list-rating">
            </div>
<div id="snippet-productWidget-widgetCarousel-2-buy-2263-quantity">        <div class="product-quantity-control">
            <form action="/hotova-jidla" method="post" class="ajax" id="frm-productWidget-widgetCarousel-2-buy-2263-quantityForm">
                <input type="text" name="quantity" size="3" id="frm-productWidget-widgetCarousel-2-buy-2263-quantityForm-quantity" data-nette-rules='[{"op":":integer","msg":"Množství musí být číslo."}]' value="1" aria-label="počet k přidání">
                <input type="submit" name="_submit" value="Přidat" class="product-quantity-control-submit plus" aria-label="přidat počet do košíku">
            <input type="hidden" name="do" value="productWidget-widgetCarousel-2-buy-2263-quantityForm-submit"><!--[if IE]><input type=IEbug disabled style="display:none"><![endif]-->
</form>

        </div>
</div>
                <p class="product-incart-info accessible">Produkt nemáte v košíku</p>


        </div>

        
    </div>
    <div id="product-append-2264" class="product-item">
        <div class="product-item-flags">
        </div>
        <div class="product-item-image">
                <a data-href="/hotova-jidla?productWidget-widgetCarousel-2-id=2264&amp;do=productWidget-widgetCarousel-2-modal"
                   data-target="productWidget-widgetCarousel-2-productModal"
                   data-product-id="2264"
                   data-product-price="64.9"
                   data-page-title="Dr. Oetker Pizza Ristorante  Prosciutto 340g"
                   data-page-path="/produkt/2264-dr-oetker-pizza-ristorante-prosciutto-340g"
                   data-user-id=""
                   aria-hidden="true"
                   data-kosikmodal-onclose="onProductModalDestroy"
                   onclick="kosikAjax.click(this, initModalCarousel(this))">
                    <img src="https://cdn.kosik.cz/content/product/jpg/list/placeholder.jpg" data-src="https://cdn.kosik.cz/content/product/jpg/list/2352.jpg" alt="Dr. Oetker Pizza Ristorante  Prosciutto 340g" class="loading-images loading-image">
                </a>




        </div>
                <div class="product-item-info">
                <h5><a href="javascript:void(0)" aria-label="Dr. Oetker Pizza Ristorante  Prosciutto 340g" data-href="/hotova-jidla?productWidget-widgetCarousel-2-id=2264&amp;do=productWidget-widgetCarousel-2-modal" class="product-name modal-link"
                   data-target="productWidget-widgetCarousel-2-productModal" onclick="kosikAjax.click(this, initModalCarousel(this))">
                    Dr. Oetker Pizza Ristorante  Prosciutto 340g
                    
                </a></h5>
            <p class="product-item-price ">
                <span class="price-before-discount">
				</span>
                <strong class="price">64,90 Kč</strong>

            </p>
            <p class="product-item-unit">
                    (<strong class="price">190,90 Kč</strong> / kg)
            </p>
                        <div class="product-list-rating">
                <span><ul class="rating"><li class="rating-children rating-1 up" data-rating="1"><i class="fa fa-star"></i></li><li class="rating-children rating-2 up" data-rating="2"><i class="fa fa-star"></i></li><li class="rating-children rating-3 up" data-rating="3"><i class="fa fa-star"></i></li><li class="rating-children rating-4 up" data-rating="4"><i class="fa fa-star"></i></li><li class="rating-children rating-5 up" data-rating="5"><i class="fa fa-star"></i></li></ul></span>
            </div>
<div id="snippet-productWidget-widgetCarousel-2-buy-2264-quantity">        <div class="product-quantity-control">
            <form action="/hotova-jidla" method="post" class="ajax" id="frm-productWidget-widgetCarousel-2-buy-2264-quantityForm">
                <input type="text" name="quantity" size="3" id="frm-productWidget-widgetCarousel-2-buy-2264-quantityForm-quantity" data-nette-rules='[{"op":":integer","msg":"Množství musí být číslo."}]' value="1" aria-label="počet k přidání">
                <input type="submit" name="_submit" value="Přidat" class="product-quantity-control-submit plus" aria-label="přidat počet do košíku">
            <input type="hidden" name="do" value="productWidget-widgetCarousel-2-buy-2264-quantityForm-submit"><!--[if IE]><input type=IEbug disabled style="display:none"><![endif]-->
</form>

        </div>
</div>
                <p class="product-incart-info accessible">Produkt nemáte v košíku</p>


        </div>

        
    </div>
    <div id="product-append-2265" class="product-item">
        <div class="product-item-flags">
        </div>
        <div class="product-item-image">
                <a data-href="/hotova-jidla?productWidget-widgetCarousel-2-id=2265&amp;do=productWidget-widgetCarousel-2-modal"
                   data-target="productWidget-widgetCarousel-2-productModal"
                   data-product-id="2265"
                   data-product-price="64.9"
                   data-page-title="Dr. Oetker Pizza Ristorante  Quattro Formaggi 305g"
                   data-page-path="/produkt/2265-dr-oetker-pizza-ristorante-quattro-formaggi-305g"
                   data-user-id=""
                   aria-hidden="true"
                   data-kosikmodal-onclose="onProductModalDestroy"
                   onclick="kosikAjax.click(this, initModalCarousel(this))">
                    <img src="https://cdn.kosik.cz/content/product/jpg/list/placeholder.jpg" data-src="https://cdn.kosik.cz/content/product/jpg/list/2353.jpg" alt="Dr. Oetker Pizza Ristorante  Quattro Formaggi 305g" class="loading-images loading-image">
                </a>




        </div>
                <div class="product-item-info">
                <h5><a href="javascript:void(0)" aria-label="Dr. Oetker Pizza Ristorante  Quattro Formaggi 305g" data-href="/hotova-jidla?productWidget-widgetCarousel-2-id=2265&amp;do=productWidget-widgetCarousel-2-modal" class="product-name modal-link"
                   data-target="productWidget-widgetCarousel-2-productModal" onclick="kosikAjax.click(this, initModalCarousel(this))">
                    Dr. Oetker Pizza Ristorante  Quattro Formaggi 305g
                    
                </a></h5>
            <p class="product-item-price ">
                <span class="price-before-discount">
				</span>
                <strong class="price">64,90 Kč</strong>

            </p>
            <p class="product-item-unit">
                    (<strong class="price">212,80 Kč</strong> / kg)
            </p>
                        <div class="product-list-rating">
            </div>
<div id="snippet-productWidget-widgetCarousel-2-buy-2265-quantity">        <div class="product-quantity-control">
            <form action="/hotova-jidla" method="post" class="ajax" id="frm-productWidget-widgetCarousel-2-buy-2265-quantityForm">
                <input type="text" name="quantity" size="3" id="frm-productWidget-widgetCarousel-2-buy-2265-quantityForm-quantity" data-nette-rules='[{"op":":integer","msg":"Množství musí být číslo."}]' value="1" aria-label="počet k přidání">
                <input type="submit" name="_submit" value="Přidat" class="product-quantity-control-submit plus" aria-label="přidat počet do košíku">
            <input type="hidden" name="do" value="productWidget-widgetCarousel-2-buy-2265-quantityForm-submit"><!--[if IE]><input type=IEbug disabled style="display:none"><![endif]-->
</form>

        </div>
</div>
                <p class="product-incart-info accessible">Produkt nemáte v košíku</p>


        </div>

        
    </div>
    <div id="product-append-2266" class="product-item">
        <div class="product-item-flags">
        </div>
        <div class="product-item-image">
                <a data-href="/hotova-jidla?productWidget-widgetCarousel-2-id=2266&amp;do=productWidget-widgetCarousel-2-modal"
                   data-target="productWidget-widgetCarousel-2-productModal"
                   data-product-id="2266"
                   data-product-price="64.9"
                   data-page-title="Dr. Oetker Pizza Ristorante Salame 310g"
                   data-page-path="/produkt/2266-dr-oetker-pizza-ristorante-salame-310g"
                   data-user-id=""
                   aria-hidden="true"
                   data-kosikmodal-onclose="onProductModalDestroy"
                   onclick="kosikAjax.click(this, initModalCarousel(this))">
                    <img src="https://cdn.kosik.cz/content/product/jpg/list/placeholder.jpg" data-src="https://cdn.kosik.cz/content/product/jpg/list/2354.jpg" alt="Dr. Oetker Pizza Ristorante Salame 310g" class="loading-images loading-image">
                </a>




        </div>
                <div class="product-item-info">
                <h5><a href="javascript:void(0)" aria-label="Dr. Oetker Pizza Ristorante Salame 310g" data-href="/hotova-jidla?productWidget-widgetCarousel-2-id=2266&amp;do=productWidget-widgetCarousel-2-modal" class="product-name modal-link"
                   data-target="productWidget-widgetCarousel-2-productModal" onclick="kosikAjax.click(this, initModalCarousel(this))">
                    Dr. Oetker Pizza Ristorante Salame 310g
                    
                </a></h5>
            <p class="product-item-price ">
                <span class="price-before-discount">
				</span>
                <strong class="price">64,90 Kč</strong>

            </p>
            <p class="product-item-unit">
                    (<strong class="price">209,40 Kč</strong> / kg)
            </p>
                        <div class="product-list-rating">
            </div>
<div id="snippet-productWidget-widgetCarousel-2-buy-2266-quantity">        <div class="product-quantity-control">
            <form action="/hotova-jidla" method="post" class="ajax" id="frm-productWidget-widgetCarousel-2-buy-2266-quantityForm">
                <input type="text" name="quantity" size="3" id="frm-productWidget-widgetCarousel-2-buy-2266-quantityForm-quantity" data-nette-rules='[{"op":":integer","msg":"Množství musí být číslo."}]' value="1" aria-label="počet k přidání">
                <input type="submit" name="_submit" value="Přidat" class="product-quantity-control-submit plus" aria-label="přidat počet do košíku">
            <input type="hidden" name="do" value="productWidget-widgetCarousel-2-buy-2266-quantityForm-submit"><!--[if IE]><input type=IEbug disabled style="display:none"><![endif]-->
</form>

        </div>
</div>
                <p class="product-incart-info accessible">Produkt nemáte v košíku</p>


        </div>

        
    </div>
    <div id="product-append-4980" class="product-item">
        <div class="product-item-flags">
        </div>
        <div class="product-item-image">
                <a data-href="/hotova-jidla?productWidget-widgetCarousel-2-id=4980&amp;do=productWidget-widgetCarousel-2-modal"
                   data-target="productWidget-widgetCarousel-2-productModal"
                   data-product-id="4980"
                   data-product-price="95.5"
                   data-page-title="Edeka Pizza mini šunka 12x30g"
                   data-page-path="/produkt/4980-edeka-pizza-mini-sunka-12x30g"
                   data-user-id=""
                   aria-hidden="true"
                   data-kosikmodal-onclose="onProductModalDestroy"
                   onclick="kosikAjax.click(this, initModalCarousel(this))">
                    <img src="https://cdn.kosik.cz/content/product/jpg/list/placeholder.jpg" data-src="https://cdn.kosik.cz/content/product/jpg/list/5492.jpg" alt="Edeka Pizza mini šunka 12x30g" class="loading-images loading-image">
                </a>




        </div>
                <div class="product-item-info">
                <h5><a href="javascript:void(0)" aria-label="Edeka Pizza mini šunka 12x30g" data-href="/hotova-jidla?productWidget-widgetCarousel-2-id=4980&amp;do=productWidget-widgetCarousel-2-modal" class="product-name modal-link"
                   data-target="productWidget-widgetCarousel-2-productModal" onclick="kosikAjax.click(this, initModalCarousel(this))">
                    Edeka Pizza mini šunka 12x30g
                    
                </a></h5>
            <p class="product-item-price ">
                <span class="price-before-discount">
				</span>
                <strong class="price">95,50 Kč</strong>

            </p>
            <p class="product-item-unit">
                    (<strong class="price">265,30 Kč</strong> / kg)
            </p>
                        <div class="product-list-rating">
            </div>
<div id="snippet-productWidget-widgetCarousel-2-buy-4980-quantity">        <div class="product-quantity-control">
            <form action="/hotova-jidla" method="post" class="ajax" id="frm-productWidget-widgetCarousel-2-buy-4980-quantityForm">
                <input type="text" name="quantity" size="3" id="frm-productWidget-widgetCarousel-2-buy-4980-quantityForm-quantity" data-nette-rules='[{"op":":integer","msg":"Množství musí být číslo."}]' value="1" aria-label="počet k přidání">
                <input type="submit" name="_submit" value="Přidat" class="product-quantity-control-submit plus" aria-label="přidat počet do košíku">
            <input type="hidden" name="do" value="productWidget-widgetCarousel-2-buy-4980-quantityForm-submit"><!--[if IE]><input type=IEbug disabled style="display:none"><![endif]-->
</form>

        </div>
</div>
                <p class="product-incart-info accessible">Produkt nemáte v košíku</p>


        </div>

        
    </div>
    <div id="product-append-11142" class="product-item">
        <div class="product-item-flags">
        </div>
        <div class="product-item-image">
                <a data-href="/hotova-jidla?productWidget-widgetCarousel-2-id=11142&amp;do=productWidget-widgetCarousel-2-modal"
                   data-target="productWidget-widgetCarousel-2-productModal"
                   data-product-id="11142"
                   data-product-price="86.9"
                   data-page-title="Edeka Pizza margherita 3x300g"
                   data-page-path="/produkt/11142-edeka-pizza-margherita-3x300g"
                   data-user-id=""
                   aria-hidden="true"
                   data-kosikmodal-onclose="onProductModalDestroy"
                   onclick="kosikAjax.click(this, initModalCarousel(this))">
                    <img src="https://cdn.kosik.cz/content/product/jpg/list/placeholder.jpg" data-src="https://cdn.kosik.cz/content/product/jpg/list/28688.jpg" alt="Edeka Pizza margherita 3x300g" class="loading-images loading-image">
                </a>




        </div>
                <div class="product-item-info">
                <h5><a href="javascript:void(0)" aria-label="Edeka Pizza margherita 3x300g" data-href="/hotova-jidla?productWidget-widgetCarousel-2-id=11142&amp;do=productWidget-widgetCarousel-2-modal" class="product-name modal-link"
                   data-target="productWidget-widgetCarousel-2-productModal" onclick="kosikAjax.click(this, initModalCarousel(this))">
                    Edeka Pizza margherita 3x300g
                    
                </a></h5>
            <p class="product-item-price ">
                <span class="price-before-discount">
				</span>
                <strong class="price">86,90 Kč</strong>

            </p>
            <p class="product-item-unit">
                    (<strong class="price">96,60 Kč</strong> / kg)
            </p>
                        <div class="product-list-rating">
                <span><ul class="rating"><li class="rating-children rating-1 up" data-rating="1"><i class="fa fa-star"></i></li><li class="rating-children rating-2 up" data-rating="2"><i class="fa fa-star"></i></li><li class="rating-children rating-3 up" data-rating="3"><i class="fa fa-star"></i></li><li class="rating-children rating-4 up" data-rating="4"><i class="fa fa-star"></i></li><li class="rating-children rating-5 up" data-rating="5"><i class="fa fa-star"></i></li></ul></span>
            </div>
<div id="snippet-productWidget-widgetCarousel-2-buy-11142-quantity">        <div class="product-quantity-control">
            <form action="/hotova-jidla" method="post" class="ajax" id="frm-productWidget-widgetCarousel-2-buy-11142-quantityForm">
                <input type="text" name="quantity" size="3" id="frm-productWidget-widgetCarousel-2-buy-11142-quantityForm-quantity" data-nette-rules='[{"op":":integer","msg":"Množství musí být číslo."}]' value="1" aria-label="počet k přidání">
                <input type="submit" name="_submit" value="Přidat" class="product-quantity-control-submit plus" aria-label="přidat počet do košíku">
            <input type="hidden" name="do" value="productWidget-widgetCarousel-2-buy-11142-quantityForm-submit"><!--[if IE]><input type=IEbug disabled style="display:none"><![endif]-->
</form>

        </div>
</div>
                <p class="product-incart-info accessible">Produkt nemáte v košíku</p>


        </div>

        
    </div>
    <div id="product-append-11218" class="product-item">
        <div class="product-item-flags">
        </div>
        <div class="product-item-image">
                <a data-href="/hotova-jidla?productWidget-widgetCarousel-2-id=11218&amp;do=productWidget-widgetCarousel-2-modal"
                   data-target="productWidget-widgetCarousel-2-productModal"
                   data-product-id="11218"
                   data-product-price="66.9"
                   data-page-title="Dr. Oetker Guseppe Mini Pizza Ham 270g (9x 30g)"
                   data-page-path="/produkt/11218-dr-oetker-guseppe-mini-pizza-ham-270g-9x-30g"
                   data-user-id=""
                   aria-hidden="true"
                   data-kosikmodal-onclose="onProductModalDestroy"
                   onclick="kosikAjax.click(this, initModalCarousel(this))">
                    <img src="https://cdn.kosik.cz/content/product/jpg/list/placeholder.jpg" data-src="https://cdn.kosik.cz/content/product/jpg/list/28747.jpg" alt="Dr. Oetker Guseppe Mini Pizza Ham 270g (9x 30g)" class="loading-images loading-image">
                </a>




        </div>
                <div class="product-item-info">
                <h5><a href="javascript:void(0)" aria-label="Dr. Oetker Guseppe Mini Pizza Ham 270g (9x 30g)" data-href="/hotova-jidla?productWidget-widgetCarousel-2-id=11218&amp;do=productWidget-widgetCarousel-2-modal" class="product-name modal-link"
                   data-target="productWidget-widgetCarousel-2-productModal" onclick="kosikAjax.click(this, initModalCarousel(this))">
                    Dr. Oetker Guseppe Mini Pizza Ham 270g (9x 30g)
                    
                </a></h5>
            <p class="product-item-price ">
                <span class="price-before-discount">
				</span>
                <strong class="price">66,90 Kč</strong>

            </p>
            <p class="product-item-unit">
                    (<strong class="price">247,80 Kč</strong> / kg)
            </p>
                        <div class="product-list-rating">
            </div>
<div id="snippet-productWidget-widgetCarousel-2-buy-11218-quantity">        <div class="product-quantity-control">
            <form action="/hotova-jidla" method="post" class="ajax" id="frm-productWidget-widgetCarousel-2-buy-11218-quantityForm">
                <input type="text" name="quantity" size="3" id="frm-productWidget-widgetCarousel-2-buy-11218-quantityForm-quantity" data-nette-rules='[{"op":":integer","msg":"Množství musí být číslo."}]' value="1" aria-label="počet k přidání">
                <input type="submit" name="_submit" value="Přidat" class="product-quantity-control-submit plus" aria-label="přidat počet do košíku">
            <input type="hidden" name="do" value="productWidget-widgetCarousel-2-buy-11218-quantityForm-submit"><!--[if IE]><input type=IEbug disabled style="display:none"><![endif]-->
</form>

        </div>
</div>
                <p class="product-incart-info accessible">Produkt nemáte v košíku</p>


        </div>

        
    </div>
    <div id="product-append-11220" class="product-item">
        <div class="product-item-flags">
        </div>
        <div class="product-item-image">
                <a data-href="/hotova-jidla?productWidget-widgetCarousel-2-id=11220&amp;do=productWidget-widgetCarousel-2-modal"
                   data-target="productWidget-widgetCarousel-2-productModal"
                   data-product-id="11220"
                   data-product-price="66.9"
                   data-page-title="Dr. Oetker Guseppe Mini Pizza 3 Cheese 270g (9x 30g)"
                   data-page-path="/produkt/11220-dr-oetker-guseppe-mini-pizza-3-cheese-270g-9x-30g"
                   data-user-id=""
                   aria-hidden="true"
                   data-kosikmodal-onclose="onProductModalDestroy"
                   onclick="kosikAjax.click(this, initModalCarousel(this))">
                    <img src="https://cdn.kosik.cz/content/product/jpg/list/placeholder.jpg" data-src="https://cdn.kosik.cz/content/product/jpg/list/28748.jpg" alt="Dr. Oetker Guseppe Mini Pizza 3 Cheese 270g (9x 30g)" class="loading-images loading-image">
                </a>




        </div>
                <div class="product-item-info">
                <h5><a href="javascript:void(0)" aria-label="Dr. Oetker Guseppe Mini Pizza 3 Cheese 270g (9x 30g)" data-href="/hotova-jidla?productWidget-widgetCarousel-2-id=11220&amp;do=productWidget-widgetCarousel-2-modal" class="product-name modal-link"
                   data-target="productWidget-widgetCarousel-2-productModal" onclick="kosikAjax.click(this, initModalCarousel(this))">
                    Dr. Oetker Guseppe Mini Pizza 3 Cheese 270g (9x 30g)
                    
                </a></h5>
            <p class="product-item-price ">
                <span class="price-before-discount">
				</span>
                <strong class="price">66,90 Kč</strong>

            </p>
            <p class="product-item-unit">
                    (<strong class="price">247,80 Kč</strong> / kg)
            </p>
                        <div class="product-list-rating">
            </div>
<div id="snippet-productWidget-widgetCarousel-2-buy-11220-quantity">        <div class="product-quantity-control">
            <form action="/hotova-jidla" method="post" class="ajax" id="frm-productWidget-widgetCarousel-2-buy-11220-quantityForm">
                <input type="text" name="quantity" size="3" id="frm-productWidget-widgetCarousel-2-buy-11220-quantityForm-quantity" data-nette-rules='[{"op":":integer","msg":"Množství musí být číslo."}]' value="1" aria-label="počet k přidání">
                <input type="submit" name="_submit" value="Přidat" class="product-quantity-control-submit plus" aria-label="přidat počet do košíku">
            <input type="hidden" name="do" value="productWidget-widgetCarousel-2-buy-11220-quantityForm-submit"><!--[if IE]><input type=IEbug disabled style="display:none"><![endif]-->
</form>

        </div>
</div>
                <p class="product-incart-info accessible">Produkt nemáte v košíku</p>


        </div>

        
    </div>
    <div id="product-append-13423" class="product-item">
        <div class="product-item-flags">
        </div>
        <div class="product-item-image">
                <a data-href="/hotova-jidla?productWidget-widgetCarousel-2-id=13423&amp;do=productWidget-widgetCarousel-2-modal"
                   data-target="productWidget-widgetCarousel-2-productModal"
                   data-product-id="13423"
                   data-product-price="124.9"
                   data-page-title="G&amp;G pizza edel salami  3x350g"
                   data-page-path="/produkt/13423-g-g-pizza-edel-salami-3x350g"
                   data-user-id=""
                   aria-hidden="true"
                   data-kosikmodal-onclose="onProductModalDestroy"
                   onclick="kosikAjax.click(this, initModalCarousel(this))">
                    <img src="https://cdn.kosik.cz/content/product/jpg/list/placeholder.jpg" data-src="https://cdn.kosik.cz/content/product/jpg/list/30607.jpg" alt="G&amp;G pizza edel salami  3x350g" class="loading-images loading-image">
                </a>




        </div>
                <div class="product-item-info">
                <h5><a href="javascript:void(0)" aria-label="G&amp;G pizza edel salami  3x350g" data-href="/hotova-jidla?productWidget-widgetCarousel-2-id=13423&amp;do=productWidget-widgetCarousel-2-modal" class="product-name modal-link"
                   data-target="productWidget-widgetCarousel-2-productModal" onclick="kosikAjax.click(this, initModalCarousel(this))">
                    G&amp;G pizza edel salami  3x350g
                    
                </a></h5>
            <p class="product-item-price ">
                <span class="price-before-discount">
				</span>
                <strong class="price">124,90 Kč</strong>

            </p>
            <p class="product-item-unit">
                    (<strong class="price">119,00 Kč</strong> / kg)
            </p>
                        <div class="product-list-rating">
            </div>
<div id="snippet-productWidget-widgetCarousel-2-buy-13423-quantity">        <div class="product-quantity-control">
            <form action="/hotova-jidla" method="post" class="ajax" id="frm-productWidget-widgetCarousel-2-buy-13423-quantityForm">
                <input type="text" name="quantity" size="3" id="frm-productWidget-widgetCarousel-2-buy-13423-quantityForm-quantity" data-nette-rules='[{"op":":integer","msg":"Množství musí být číslo."}]' value="1" aria-label="počet k přidání">
                <input type="submit" name="_submit" value="Přidat" class="product-quantity-control-submit plus" aria-label="přidat počet do košíku">
            <input type="hidden" name="do" value="productWidget-widgetCarousel-2-buy-13423-quantityForm-submit"><!--[if IE]><input type=IEbug disabled style="display:none"><![endif]-->
</form>

        </div>
</div>
                <p class="product-incart-info accessible">Produkt nemáte v košíku</p>


        </div>

        
    </div>
    <div id="product-append-13439" class="product-item">
        <div class="product-item-flags">
        </div>
        <div class="product-item-image">
                <a data-href="/hotova-jidla?productWidget-widgetCarousel-2-id=13439&amp;do=productWidget-widgetCarousel-2-modal"
                   data-target="productWidget-widgetCarousel-2-productModal"
                   data-product-id="13439"
                   data-product-price="101.9"
                   data-page-title="G&amp;G pizza 4 druhy sýrů 700g"
                   data-page-path="/produkt/13439-g-g-pizza-4-druhy-syru-700g"
                   data-user-id=""
                   aria-hidden="true"
                   data-kosikmodal-onclose="onProductModalDestroy"
                   onclick="kosikAjax.click(this, initModalCarousel(this))">
                    <img src="https://cdn.kosik.cz/content/product/jpg/list/placeholder.jpg" data-src="https://cdn.kosik.cz/content/product/jpg/list/30633.jpg" alt="G&amp;G pizza 4 druhy sýrů 700g" class="loading-images loading-image">
                </a>




        </div>
                <div class="product-item-info">
                <h5><a href="javascript:void(0)" aria-label="G&amp;G pizza 4 druhy sýrů 700g" data-href="/hotova-jidla?productWidget-widgetCarousel-2-id=13439&amp;do=productWidget-widgetCarousel-2-modal" class="product-name modal-link"
                   data-target="productWidget-widgetCarousel-2-productModal" onclick="kosikAjax.click(this, initModalCarousel(this))">
                    G&amp;G pizza 4 druhy sýrů 700g
                    
                </a></h5>
            <p class="product-item-price ">
                <span class="price-before-discount">
				</span>
                <strong class="price">101,90 Kč</strong>

            </p>
            <p class="product-item-unit">
                    (<strong class="price">145,60 Kč</strong> / kg)
            </p>
                        <div class="product-list-rating">
            </div>
<div id="snippet-productWidget-widgetCarousel-2-buy-13439-quantity">        <div class="product-quantity-control">
            <form action="/hotova-jidla" method="post" class="ajax" id="frm-productWidget-widgetCarousel-2-buy-13439-quantityForm">
                <input type="text" name="quantity" size="3" id="frm-productWidget-widgetCarousel-2-buy-13439-quantityForm-quantity" data-nette-rules='[{"op":":integer","msg":"Množství musí být číslo."}]' value="1" aria-label="počet k přidání">
                <input type="submit" name="_submit" value="Přidat" class="product-quantity-control-submit plus" aria-label="přidat počet do košíku">
            <input type="hidden" name="do" value="productWidget-widgetCarousel-2-buy-13439-quantityForm-submit"><!--[if IE]><input type=IEbug disabled style="display:none"><![endif]-->
</form>

        </div>
</div>
                <p class="product-incart-info accessible">Produkt nemáte v košíku</p>


        </div>

        
    </div>
    <div id="product-append-24523" class="product-item">
        <div class="product-item-flags">
        </div>
        <div class="product-item-image">
                <a data-href="/hotova-jidla?productWidget-widgetCarousel-2-id=24523&amp;do=productWidget-widgetCarousel-2-modal"
                   data-target="productWidget-widgetCarousel-2-productModal"
                   data-product-id="24523"
                   data-product-price="64.9"
                   data-page-title="Dr. Oetker Ristorante Pizza se salámem chorizo a šunkou 315g"
                   data-page-path="/produkt/24523-dr-oetker-ristorante-pizza-se-salamem-chorizo-a-sunkou-315g"
                   data-user-id=""
                   aria-hidden="true"
                   data-kosikmodal-onclose="onProductModalDestroy"
                   onclick="kosikAjax.click(this, initModalCarousel(this))">
                    <img src="https://cdn.kosik.cz/content/product/jpg/list/placeholder.jpg" data-src="https://cdn.kosik.cz/content/product/jpg/list/41767.jpg" alt="Dr. Oetker Ristorante Pizza se salámem chorizo a šunkou 315g" class="loading-images loading-image">
                </a>




        </div>
                <div class="product-item-info">
                <h5><a href="javascript:void(0)" aria-label="Dr. Oetker Ristorante Pizza se salámem chorizo a šunkou 315g" data-href="/hotova-jidla?productWidget-widgetCarousel-2-id=24523&amp;do=productWidget-widgetCarousel-2-modal" class="product-name modal-link"
                   data-target="productWidget-widgetCarousel-2-productModal" onclick="kosikAjax.click(this, initModalCarousel(this))">
                    Dr. Oetker Ristorante Pizza se salámem chorizo a šunkou 315g
                    
                </a></h5>
            <p class="product-item-price ">
                <span class="price-before-discount">
				</span>
                <strong class="price">64,90 Kč</strong>

            </p>
            <p class="product-item-unit">
                    (<strong class="price">206,00 Kč</strong> / kg)
            </p>
                        <div class="product-list-rating">
            </div>
<div id="snippet-productWidget-widgetCarousel-2-buy-24523-quantity">        <div class="product-quantity-control">
            <form action="/hotova-jidla" method="post" class="ajax" id="frm-productWidget-widgetCarousel-2-buy-24523-quantityForm">
                <input type="text" name="quantity" size="3" id="frm-productWidget-widgetCarousel-2-buy-24523-quantityForm-quantity" data-nette-rules='[{"op":":integer","msg":"Množství musí být číslo."}]' value="1" aria-label="počet k přidání">
                <input type="submit" name="_submit" value="Přidat" class="product-quantity-control-submit plus" aria-label="přidat počet do košíku">
            <input type="hidden" name="do" value="productWidget-widgetCarousel-2-buy-24523-quantityForm-submit"><!--[if IE]><input type=IEbug disabled style="display:none"><![endif]-->
</form>

        </div>
</div>
                <p class="product-incart-info accessible">Produkt nemáte v košíku</p>


        </div>

        
    </div>
    <div id="product-append-24525" class="product-item">
        <div class="product-item-flags">
        </div>
        <div class="product-item-image">
                <a data-href="/hotova-jidla?productWidget-widgetCarousel-2-id=24525&amp;do=productWidget-widgetCarousel-2-modal"
                   data-target="productWidget-widgetCarousel-2-productModal"
                   data-product-id="24525"
                   data-product-price="64.9"
                   data-page-title="Dr. Oetker Ristorante Pizza se sýrem a cherry rajčaty 340g"
                   data-page-path="/produkt/24525-dr-oetker-ristorante-pizza-se-syrem-a-cherry-rajcaty-340g"
                   data-user-id=""
                   aria-hidden="true"
                   data-kosikmodal-onclose="onProductModalDestroy"
                   onclick="kosikAjax.click(this, initModalCarousel(this))">
                    <img src="https://cdn.kosik.cz/content/product/jpg/list/placeholder.jpg" data-src="https://cdn.kosik.cz/content/product/jpg/list/41769.jpg" alt="Dr. Oetker Ristorante Pizza se sýrem a cherry rajčaty 340g" class="loading-images loading-image">
                </a>




        </div>
                <div class="product-item-info">
                <h5><a href="javascript:void(0)" aria-label="Dr. Oetker Ristorante Pizza se sýrem a cherry rajčaty 340g" data-href="/hotova-jidla?productWidget-widgetCarousel-2-id=24525&amp;do=productWidget-widgetCarousel-2-modal" class="product-name modal-link"
                   data-target="productWidget-widgetCarousel-2-productModal" onclick="kosikAjax.click(this, initModalCarousel(this))">
                    Dr. Oetker Ristorante Pizza se sýrem a cherry rajčaty 340g
                    
                </a></h5>
            <p class="product-item-price ">
                <span class="price-before-discount">
				</span>
                <strong class="price">64,90 Kč</strong>

            </p>
            <p class="product-item-unit">
                    (<strong class="price">190,90 Kč</strong> / kg)
            </p>
                        <div class="product-list-rating">
            </div>
<div id="snippet-productWidget-widgetCarousel-2-buy-24525-quantity">        <div class="product-quantity-control">
            <form action="/hotova-jidla" method="post" class="ajax" id="frm-productWidget-widgetCarousel-2-buy-24525-quantityForm">
                <input type="text" name="quantity" size="3" id="frm-productWidget-widgetCarousel-2-buy-24525-quantityForm-quantity" data-nette-rules='[{"op":":integer","msg":"Množství musí být číslo."}]' value="1" aria-label="počet k přidání">
                <input type="submit" name="_submit" value="Přidat" class="product-quantity-control-submit plus" aria-label="přidat počet do košíku">
            <input type="hidden" name="do" value="productWidget-widgetCarousel-2-buy-24525-quantityForm-submit"><!--[if IE]><input type=IEbug disabled style="display:none"><![endif]-->
</form>

        </div>
</div>
                <p class="product-incart-info accessible">Produkt nemáte v košíku</p>


        </div>

        
    </div>
    <div id="product-append-33567" class="product-item">
        <div class="product-item-flags">
        </div>
        <div class="product-item-image">
                <a data-href="/hotova-jidla?productWidget-widgetCarousel-2-id=33567&amp;do=productWidget-widgetCarousel-2-modal"
                   data-target="productWidget-widgetCarousel-2-productModal"
                   data-product-id="33567"
                   data-product-price="64.9"
                   data-page-title="Don Peppe Originale Pizza salámová 360 g"
                   data-page-path="/produkt/33567-don-peppe-originale-pizza-salamova-360-g"
                   data-user-id=""
                   aria-hidden="true"
                   data-kosikmodal-onclose="onProductModalDestroy"
                   onclick="kosikAjax.click(this, initModalCarousel(this))">
                    <img src="https://cdn.kosik.cz/content/product/jpg/list/placeholder.jpg" data-src="https://cdn.kosik.cz/content/product/jpg/list/51047.jpg" alt="Don Peppe Originale Pizza salámová 360 g" class="loading-images loading-image">
                </a>




        </div>
                <div class="product-item-info">
                <h5><a href="javascript:void(0)" aria-label="Don Peppe Originale Pizza salámová 360 g" data-href="/hotova-jidla?productWidget-widgetCarousel-2-id=33567&amp;do=productWidget-widgetCarousel-2-modal" class="product-name modal-link"
                   data-target="productWidget-widgetCarousel-2-productModal" onclick="kosikAjax.click(this, initModalCarousel(this))">
                    Don Peppe Originale Pizza salámová 360 g
                    
                </a></h5>
            <p class="product-item-price ">
                <span class="price-before-discount">
				</span>
                <strong class="price">64,90 Kč</strong>

            </p>
            <p class="product-item-unit">
                    (<strong class="price">180,30 Kč</strong> / kg)
            </p>
                        <div class="product-list-rating">
            </div>
<div id="snippet-productWidget-widgetCarousel-2-buy-33567-quantity">        <div class="product-quantity-control">
            <form action="/hotova-jidla" method="post" class="ajax" id="frm-productWidget-widgetCarousel-2-buy-33567-quantityForm">
                <input type="text" name="quantity" size="3" id="frm-productWidget-widgetCarousel-2-buy-33567-quantityForm-quantity" data-nette-rules='[{"op":":integer","msg":"Množství musí být číslo."}]' value="1" aria-label="počet k přidání">
                <input type="submit" name="_submit" value="Přidat" class="product-quantity-control-submit plus" aria-label="přidat počet do košíku">
            <input type="hidden" name="do" value="productWidget-widgetCarousel-2-buy-33567-quantityForm-submit"><!--[if IE]><input type=IEbug disabled style="display:none"><![endif]-->
</form>

        </div>
</div>
                <p class="product-incart-info accessible">Produkt nemáte v košíku</p>


        </div>

        
    </div>
    <div id="product-append-33568" class="product-item">
        <div class="product-item-flags">
        </div>
        <div class="product-item-image">
                <a data-href="/hotova-jidla?productWidget-widgetCarousel-2-id=33568&amp;do=productWidget-widgetCarousel-2-modal"
                   data-target="productWidget-widgetCarousel-2-productModal"
                   data-product-id="33568"
                   data-product-price="64.9"
                   data-page-title="Don Peppe Originale Pizza Quattro Formaggi 340 g"
                   data-page-path="/produkt/33568-don-peppe-originale-pizza-quattro-formaggi-340-g"
                   data-user-id=""
                   aria-hidden="true"
                   data-kosikmodal-onclose="onProductModalDestroy"
                   onclick="kosikAjax.click(this, initModalCarousel(this))">
                    <img src="https://cdn.kosik.cz/content/product/jpg/list/placeholder.jpg" data-src="https://cdn.kosik.cz/content/product/jpg/list/51048.jpg" alt="Don Peppe Originale Pizza Quattro Formaggi 340 g" class="loading-images loading-image">
                </a>




        </div>
                <div class="product-item-info">
                <h5><a href="javascript:void(0)" aria-label="Don Peppe Originale Pizza Quattro Formaggi 340 g" data-href="/hotova-jidla?productWidget-widgetCarousel-2-id=33568&amp;do=productWidget-widgetCarousel-2-modal" class="product-name modal-link"
                   data-target="productWidget-widgetCarousel-2-productModal" onclick="kosikAjax.click(this, initModalCarousel(this))">
                    Don Peppe Originale Pizza Quattro Formaggi 340 g
                    
                </a></h5>
            <p class="product-item-price ">
                <span class="price-before-discount">
				</span>
                <strong class="price">64,90 Kč</strong>

            </p>
            <p class="product-item-unit">
                    (<strong class="price">190,90 Kč</strong> / kg)
            </p>
                        <div class="product-list-rating">
            </div>
<div id="snippet-productWidget-widgetCarousel-2-buy-33568-quantity">        <div class="product-quantity-control">
            <form action="/hotova-jidla" method="post" class="ajax" id="frm-productWidget-widgetCarousel-2-buy-33568-quantityForm">
                <input type="text" name="quantity" size="3" id="frm-productWidget-widgetCarousel-2-buy-33568-quantityForm-quantity" data-nette-rules='[{"op":":integer","msg":"Množství musí být číslo."}]' value="1" aria-label="počet k přidání">
                <input type="submit" name="_submit" value="Přidat" class="product-quantity-control-submit plus" aria-label="přidat počet do košíku">
            <input type="hidden" name="do" value="productWidget-widgetCarousel-2-buy-33568-quantityForm-submit"><!--[if IE]><input type=IEbug disabled style="display:none"><![endif]-->
</form>

        </div>
</div>
                <p class="product-incart-info accessible">Produkt nemáte v košíku</p>


        </div>

        
    </div>
    <div id="product-append-35214" class="product-item">
        <div class="product-item-flags">
        </div>
        <div class="product-item-image">
                <a data-href="/hotova-jidla?productWidget-widgetCarousel-2-id=35214&amp;do=productWidget-widgetCarousel-2-modal"
                   data-target="productWidget-widgetCarousel-2-productModal"
                   data-product-id="35214"
                   data-product-price="69.9"
                   data-page-title="Buitoni Piccolinis Prosciutto 9x30g"
                   data-page-path="/produkt/35214-buitoni-piccolinis-prosciutto-9x30g"
                   data-user-id=""
                   aria-hidden="true"
                   data-kosikmodal-onclose="onProductModalDestroy"
                   onclick="kosikAjax.click(this, initModalCarousel(this))">
                    <img src="https://cdn.kosik.cz/content/product/jpg/list/placeholder.jpg" data-src="https://cdn.kosik.cz/content/product/jpg/list/52727.jpg" alt="Buitoni Piccolinis Prosciutto 9x30g" class="loading-images loading-image">
                </a>




        </div>
                <div class="product-item-info">
                <h5><a href="javascript:void(0)" aria-label="Buitoni Piccolinis Prosciutto 9x30g" data-href="/hotova-jidla?productWidget-widgetCarousel-2-id=35214&amp;do=productWidget-widgetCarousel-2-modal" class="product-name modal-link"
                   data-target="productWidget-widgetCarousel-2-productModal" onclick="kosikAjax.click(this, initModalCarousel(this))">
                    Buitoni Piccolinis Prosciutto 9x30g
                    
                </a></h5>
            <p class="product-item-price ">
                <span class="price-before-discount">
				</span>
                <strong class="price">69,90 Kč</strong>

            </p>
            <p class="product-item-unit">
                    (<strong class="price">258,90 Kč</strong> / kg)
            </p>
                        <div class="product-list-rating">
            </div>
<div id="snippet-productWidget-widgetCarousel-2-buy-35214-quantity">        <div class="product-quantity-control">
            <form action="/hotova-jidla" method="post" class="ajax" id="frm-productWidget-widgetCarousel-2-buy-35214-quantityForm">
                <input type="text" name="quantity" size="3" id="frm-productWidget-widgetCarousel-2-buy-35214-quantityForm-quantity" data-nette-rules='[{"op":":integer","msg":"Množství musí být číslo."}]' value="1" aria-label="počet k přidání">
                <input type="submit" name="_submit" value="Přidat" class="product-quantity-control-submit plus" aria-label="přidat počet do košíku">
            <input type="hidden" name="do" value="productWidget-widgetCarousel-2-buy-35214-quantityForm-submit"><!--[if IE]><input type=IEbug disabled style="display:none"><![endif]-->
</form>

        </div>
</div>
                <p class="product-incart-info accessible">Produkt nemáte v košíku</p>


        </div>

        
    </div>
    <div id="product-append-35215" class="product-item">
        <div class="product-item-flags">
        </div>
        <div class="product-item-image">
                <a data-href="/hotova-jidla?productWidget-widgetCarousel-2-id=35215&amp;do=productWidget-widgetCarousel-2-modal"
                   data-target="productWidget-widgetCarousel-2-productModal"
                   data-product-id="35215"
                   data-product-price="69.9"
                   data-page-title="Buitoni Piccolinis 3 Formaggi 9x30g"
                   data-page-path="/produkt/35215-buitoni-piccolinis-3-formaggi-9x30g"
                   data-user-id=""
                   aria-hidden="true"
                   data-kosikmodal-onclose="onProductModalDestroy"
                   onclick="kosikAjax.click(this, initModalCarousel(this))">
                    <img src="https://cdn.kosik.cz/content/product/jpg/list/placeholder.jpg" data-src="https://cdn.kosik.cz/content/product/jpg/list/52728.jpg" alt="Buitoni Piccolinis 3 Formaggi 9x30g" class="loading-images loading-image">
                </a>




        </div>
                <div class="product-item-info">
                <h5><a href="javascript:void(0)" aria-label="Buitoni Piccolinis 3 Formaggi 9x30g" data-href="/hotova-jidla?productWidget-widgetCarousel-2-id=35215&amp;do=productWidget-widgetCarousel-2-modal" class="product-name modal-link"
                   data-target="productWidget-widgetCarousel-2-productModal" onclick="kosikAjax.click(this, initModalCarousel(this))">
                    Buitoni Piccolinis 3 Formaggi 9x30g
                    
                </a></h5>
            <p class="product-item-price ">
                <span class="price-before-discount">
				</span>
                <strong class="price">69,90 Kč</strong>

            </p>
            <p class="product-item-unit">
                    (<strong class="price">258,90 Kč</strong> / kg)
            </p>
                        <div class="product-list-rating">
            </div>
<div id="snippet-productWidget-widgetCarousel-2-buy-35215-quantity">        <div class="product-quantity-control">
            <form action="/hotova-jidla" method="post" class="ajax" id="frm-productWidget-widgetCarousel-2-buy-35215-quantityForm">
                <input type="text" name="quantity" size="3" id="frm-productWidget-widgetCarousel-2-buy-35215-quantityForm-quantity" data-nette-rules='[{"op":":integer","msg":"Množství musí být číslo."}]' value="1" aria-label="počet k přidání">
                <input type="submit" name="_submit" value="Přidat" class="product-quantity-control-submit plus" aria-label="přidat počet do košíku">
            <input type="hidden" name="do" value="productWidget-widgetCarousel-2-buy-35215-quantityForm-submit"><!--[if IE]><input type=IEbug disabled style="display:none"><![endif]-->
</form>

        </div>
</div>
                <p class="product-incart-info accessible">Produkt nemáte v košíku</p>


        </div>

        
    </div>
</div>

<div class="kosik-modal-overlay product-modal" id="productWidget-widgetCarousel-2-productModal" role="dialog">
    <div class="kosik-modal-inner large super-scaled" id="snippet-productWidget-widgetCarousel-2-productModalArea">
    </div>
</div>


<div class="kosik-modal-overlay" id="productWidget-widgetCarousel-2-productSetModal" role="dialog">
    <div class="kosik-modal-inner large super-scaled" id="snippet-productWidget-widgetCarousel-2-productSetModalArea">
    </div>
</div>
			</div>
		</div>
		<div class="region region-carousel region-products no-aside product-widget">
			<div class="home-product-widget region-inner region-products-inner slick-carousel" data-open="3" data-close="4">
				<div class="block block-title">
					<h3>Jídla s přílohami</h3>
				</div>
<script async>

    var onProductModalDestroy = function() {

    	var pageData = window.dataLayer[0];

        pageData["event"] = "ga.pageview";
        pageData["pagePath"] = window.location.pathname;
        pageData["pageTitle"] = window.document.title;

	    dataLayer.push(pageData);
    };
</script>
<div class="block block-product-items product-items" data-ajax-append="product-item" id="snippet-productWidget-widgetCarousel-3-productListArea">
    <div id="product-append-14047" class="product-item">
        <div class="product-item-flags">
        </div>
        <div class="product-item-image">
                <a data-href="/hotova-jidla?productWidget-widgetCarousel-3-id=14047&amp;do=productWidget-widgetCarousel-3-modal"
                   data-target="productWidget-widgetCarousel-3-productModal"
                   data-product-id="14047"
                   data-product-price="74.9"
                   data-page-title="Apetit Španělský ptáček, rýže 490g"
                   data-page-path="/produkt/14047-apetit-spanelsky-ptacek-ryze-490g"
                   data-user-id=""
                   aria-hidden="true"
                   data-kosikmodal-onclose="onProductModalDestroy"
                   onclick="kosikAjax.click(this, initModalCarousel(this))">
                    <img src="https://cdn.kosik.cz/content/product/jpg/list/placeholder.jpg" data-src="https://cdn.kosik.cz/content/product/jpg/list/31300.jpg" alt="Apetit Španělský ptáček, rýže 490g" class="loading-images loading-image">
                </a>




        </div>
                <div class="product-item-info">
                <h5><a href="javascript:void(0)" aria-label="Apetit Španělský ptáček, rýže 490g" data-href="/hotova-jidla?productWidget-widgetCarousel-3-id=14047&amp;do=productWidget-widgetCarousel-3-modal" class="product-name modal-link"
                   data-target="productWidget-widgetCarousel-3-productModal" onclick="kosikAjax.click(this, initModalCarousel(this))">
                    Apetit Španělský ptáček, rýže 490g
                    
                </a></h5>
            <p class="product-item-price ">
                <span class="price-before-discount">
				</span>
                <strong class="price">74,90 Kč</strong>

            </p>
            <p class="product-item-unit">
                    (<strong class="price">152,90 Kč</strong> / kg)
            </p>
                        <div class="product-list-rating">
            </div>
<div id="snippet-productWidget-widgetCarousel-3-buy-14047-quantity">        <div class="product-quantity-control">
            <form action="/hotova-jidla" method="post" class="ajax" id="frm-productWidget-widgetCarousel-3-buy-14047-quantityForm">
                <input type="text" name="quantity" size="3" id="frm-productWidget-widgetCarousel-3-buy-14047-quantityForm-quantity" data-nette-rules='[{"op":":integer","msg":"Množství musí být číslo."}]' value="1" aria-label="počet k přidání">
                <input type="submit" name="_submit" value="Přidat" class="product-quantity-control-submit plus" aria-label="přidat počet do košíku">
            <input type="hidden" name="do" value="productWidget-widgetCarousel-3-buy-14047-quantityForm-submit"><!--[if IE]><input type=IEbug disabled style="display:none"><![endif]-->
</form>

        </div>
</div>
                <p class="product-incart-info accessible">Produkt nemáte v košíku</p>


        </div>

        
    </div>
    <div id="product-append-52618" class="product-item">
        <div class="product-item-flags">
        </div>
        <div class="product-item-image">
                <a data-href="/hotova-jidla?productWidget-widgetCarousel-3-id=52618&amp;do=productWidget-widgetCarousel-3-modal"
                   data-target="productWidget-widgetCarousel-3-productModal"
                   data-product-id="52618"
                   data-product-price="74.9"
                   data-page-title="Apetit Pečené kuřecí stehno s rýží 470g"
                   data-page-path="/produkt/52618-apetit-pecene-kureci-stehno-s-ryzi-470g"
                   data-user-id=""
                   aria-hidden="true"
                   data-kosikmodal-onclose="onProductModalDestroy"
                   onclick="kosikAjax.click(this, initModalCarousel(this))">
                    <img src="https://cdn.kosik.cz/content/product/jpg/list/placeholder.jpg" data-src="https://cdn.kosik.cz/content/product/jpg/list/70224.jpg" alt="Apetit Pečené kuřecí stehno s rýží 470g" class="loading-images loading-image">
                </a>




        </div>
                <div class="product-item-info">
                <h5><a href="javascript:void(0)" aria-label="Apetit Pečené kuřecí stehno s rýží 470g" data-href="/hotova-jidla?productWidget-widgetCarousel-3-id=52618&amp;do=productWidget-widgetCarousel-3-modal" class="product-name modal-link"
                   data-target="productWidget-widgetCarousel-3-productModal" onclick="kosikAjax.click(this, initModalCarousel(this))">
                    Apetit Pečené kuřecí stehno s rýží 470g
                    <br><span class="new-product">Novinka</span>
                </a></h5>
            <p class="product-item-price ">
                <span class="price-before-discount">
				</span>
                <strong class="price">74,90 Kč</strong>

            </p>
            <p class="product-item-unit">
                    (<strong class="price">159,40 Kč</strong> / kg)
            </p>
                        <div class="product-list-rating">
            </div>
<div id="snippet-productWidget-widgetCarousel-3-buy-52618-quantity">        <div class="product-quantity-control">
            <form action="/hotova-jidla" method="post" class="ajax" id="frm-productWidget-widgetCarousel-3-buy-52618-quantityForm">
                <input type="text" name="quantity" size="3" id="frm-productWidget-widgetCarousel-3-buy-52618-quantityForm-quantity" data-nette-rules='[{"op":":integer","msg":"Množství musí být číslo."}]' value="1" aria-label="počet k přidání">
                <input type="submit" name="_submit" value="Přidat" class="product-quantity-control-submit plus" aria-label="přidat počet do košíku">
            <input type="hidden" name="do" value="productWidget-widgetCarousel-3-buy-52618-quantityForm-submit"><!--[if IE]><input type=IEbug disabled style="display:none"><![endif]-->
</form>

        </div>
</div>
                <p class="product-incart-info accessible">Produkt nemáte v košíku</p>


        </div>

        
    </div>
    <div id="product-append-14048" class="product-item">
        <div class="product-item-flags">
        </div>
        <div class="product-item-image">
                <a data-href="/hotova-jidla?productWidget-widgetCarousel-3-id=14048&amp;do=productWidget-widgetCarousel-3-modal"
                   data-target="productWidget-widgetCarousel-3-productModal"
                   data-product-id="14048"
                   data-product-price="74.9"
                   data-page-title="Apetit Svíčková na smetaně, houskový knedlík 510g"
                   data-page-path="/produkt/14048-apetit-svickova-na-smetane-houskovy-knedlik-510g"
                   data-user-id=""
                   aria-hidden="true"
                   data-kosikmodal-onclose="onProductModalDestroy"
                   onclick="kosikAjax.click(this, initModalCarousel(this))">
                    <img src="https://cdn.kosik.cz/content/product/jpg/list/placeholder.jpg" data-src="https://cdn.kosik.cz/content/product/jpg/list/31301.jpg" alt="Apetit Svíčková na smetaně, houskový knedlík 510g" class="loading-images loading-image">
                </a>




        </div>
                <div class="product-item-info">
                <h5><a href="javascript:void(0)" aria-label="Apetit Svíčková na smetaně, houskový knedlík 510g" data-href="/hotova-jidla?productWidget-widgetCarousel-3-id=14048&amp;do=productWidget-widgetCarousel-3-modal" class="product-name modal-link"
                   data-target="productWidget-widgetCarousel-3-productModal" onclick="kosikAjax.click(this, initModalCarousel(this))">
                    Apetit Svíčková na smetaně, houskový knedlík 510g
                    
                </a></h5>
            <p class="product-item-price ">
                <span class="price-before-discount">
				</span>
                <strong class="price">74,90 Kč</strong>

            </p>
            <p class="product-item-unit">
                    (<strong class="price">146,90 Kč</strong> / kg)
            </p>
                        <div class="product-list-rating">
                <span><ul class="rating"><li class="rating-children rating-1 up" data-rating="1"><i class="fa fa-star"></i></li><li class="rating-children rating-2 up" data-rating="2"><i class="fa fa-star"></i></li><li class="rating-children rating-3 up" data-rating="3"><i class="fa fa-star"></i></li><li class="rating-children rating-4 up" data-rating="4"><i class="fa fa-star"></i></li><li class="rating-children rating-5 up" data-rating="5"><i class="fa fa-star"></i></li></ul></span>
            </div>
<div id="snippet-productWidget-widgetCarousel-3-buy-14048-quantity">        <div class="product-quantity-control">
            <form action="/hotova-jidla" method="post" class="ajax" id="frm-productWidget-widgetCarousel-3-buy-14048-quantityForm">
                <input type="text" name="quantity" size="3" id="frm-productWidget-widgetCarousel-3-buy-14048-quantityForm-quantity" data-nette-rules='[{"op":":integer","msg":"Množství musí být číslo."}]' value="1" aria-label="počet k přidání">
                <input type="submit" name="_submit" value="Přidat" class="product-quantity-control-submit plus" aria-label="přidat počet do košíku">
            <input type="hidden" name="do" value="productWidget-widgetCarousel-3-buy-14048-quantityForm-submit"><!--[if IE]><input type=IEbug disabled style="display:none"><![endif]-->
</form>

        </div>
</div>
                <p class="product-incart-info accessible">Produkt nemáte v košíku</p>


        </div>

        
    </div>
    <div id="product-append-14049" class="product-item">
        <div class="product-item-flags">
        </div>
        <div class="product-item-image">
                <a data-href="/hotova-jidla?productWidget-widgetCarousel-3-id=14049&amp;do=productWidget-widgetCarousel-3-modal"
                   data-target="productWidget-widgetCarousel-3-productModal"
                   data-product-id="14049"
                   data-product-price="74.9"
                   data-page-title="Apetit Mexická směs s bramboráčky 490g"
                   data-page-path="/produkt/14049-apetit-mexicka-smes-s-bramboracky-490g"
                   data-user-id=""
                   aria-hidden="true"
                   data-kosikmodal-onclose="onProductModalDestroy"
                   onclick="kosikAjax.click(this, initModalCarousel(this))">
                    <img src="https://cdn.kosik.cz/content/product/jpg/list/placeholder.jpg" data-src="https://cdn.kosik.cz/content/product/jpg/list/31302.jpg" alt="Apetit Mexická směs s bramboráčky 490g" class="loading-images loading-image">
                </a>




        </div>
                <div class="product-item-info">
                <h5><a href="javascript:void(0)" aria-label="Apetit Mexická směs s bramboráčky 490g" data-href="/hotova-jidla?productWidget-widgetCarousel-3-id=14049&amp;do=productWidget-widgetCarousel-3-modal" class="product-name modal-link"
                   data-target="productWidget-widgetCarousel-3-productModal" onclick="kosikAjax.click(this, initModalCarousel(this))">
                    Apetit Mexická směs s bramboráčky 490g
                    
                </a></h5>
            <p class="product-item-price ">
                <span class="price-before-discount">
				</span>
                <strong class="price">74,90 Kč</strong>

            </p>
            <p class="product-item-unit">
                    (<strong class="price">152,90 Kč</strong> / kg)
            </p>
                        <div class="product-list-rating">
            </div>
<div id="snippet-productWidget-widgetCarousel-3-buy-14049-quantity">        <div class="product-quantity-control">
            <form action="/hotova-jidla" method="post" class="ajax" id="frm-productWidget-widgetCarousel-3-buy-14049-quantityForm">
                <input type="text" name="quantity" size="3" id="frm-productWidget-widgetCarousel-3-buy-14049-quantityForm-quantity" data-nette-rules='[{"op":":integer","msg":"Množství musí být číslo."}]' value="1" aria-label="počet k přidání">
                <input type="submit" name="_submit" value="Přidat" class="product-quantity-control-submit plus" aria-label="přidat počet do košíku">
            <input type="hidden" name="do" value="productWidget-widgetCarousel-3-buy-14049-quantityForm-submit"><!--[if IE]><input type=IEbug disabled style="display:none"><![endif]-->
</form>

        </div>
</div>
                <p class="product-incart-info accessible">Produkt nemáte v košíku</p>


        </div>

        
    </div>
    <div id="product-append-14050" class="product-item">
        <div class="product-item-flags">
        </div>
        <div class="product-item-image">
                <a data-href="/hotova-jidla?productWidget-widgetCarousel-3-id=14050&amp;do=productWidget-widgetCarousel-3-modal"
                   data-target="productWidget-widgetCarousel-3-productModal"
                   data-product-id="14050"
                   data-product-price="74.9"
                   data-page-title="Apetit Hovězí guláš, houskový knedlík 510g"
                   data-page-path="/produkt/14050-apetit-hovezi-gulas-houskovy-knedlik-510g"
                   data-user-id=""
                   aria-hidden="true"
                   data-kosikmodal-onclose="onProductModalDestroy"
                   onclick="kosikAjax.click(this, initModalCarousel(this))">
                    <img src="https://cdn.kosik.cz/content/product/jpg/list/placeholder.jpg" data-src="https://cdn.kosik.cz/content/product/jpg/list/31303.jpg" alt="Apetit Hovězí guláš, houskový knedlík 510g" class="loading-images loading-image">
                </a>




        </div>
                <div class="product-item-info">
                <h5><a href="javascript:void(0)" aria-label="Apetit Hovězí guláš, houskový knedlík 510g" data-href="/hotova-jidla?productWidget-widgetCarousel-3-id=14050&amp;do=productWidget-widgetCarousel-3-modal" class="product-name modal-link"
                   data-target="productWidget-widgetCarousel-3-productModal" onclick="kosikAjax.click(this, initModalCarousel(this))">
                    Apetit Hovězí guláš, houskový knedlík 510g
                    
                </a></h5>
            <p class="product-item-price ">
                <span class="price-before-discount">
				</span>
                <strong class="price">74,90 Kč</strong>

            </p>
            <p class="product-item-unit">
                    (<strong class="price">146,90 Kč</strong> / kg)
            </p>
                        <div class="product-list-rating">
            </div>
<div id="snippet-productWidget-widgetCarousel-3-buy-14050-quantity">        <div class="product-quantity-control">
            <form action="/hotova-jidla" method="post" class="ajax" id="frm-productWidget-widgetCarousel-3-buy-14050-quantityForm">
                <input type="text" name="quantity" size="3" id="frm-productWidget-widgetCarousel-3-buy-14050-quantityForm-quantity" data-nette-rules='[{"op":":integer","msg":"Množství musí být číslo."}]' value="1" aria-label="počet k přidání">
                <input type="submit" name="_submit" value="Přidat" class="product-quantity-control-submit plus" aria-label="přidat počet do košíku">
            <input type="hidden" name="do" value="productWidget-widgetCarousel-3-buy-14050-quantityForm-submit"><!--[if IE]><input type=IEbug disabled style="display:none"><![endif]-->
</form>

        </div>
</div>
                <p class="product-incart-info accessible">Produkt nemáte v košíku</p>


        </div>

        
    </div>
    <div id="product-append-14051" class="product-item">
        <div class="product-item-flags">
        </div>
        <div class="product-item-image">
                <a data-href="/hotova-jidla?productWidget-widgetCarousel-3-id=14051&amp;do=productWidget-widgetCarousel-3-modal"
                   data-target="productWidget-widgetCarousel-3-productModal"
                   data-product-id="14051"
                   data-product-price="74.9"
                   data-page-title="Apetit Vepřové výpečky se zelím, bramborový knedlík 510g"
                   data-page-path="/produkt/14051-apetit-veprove-vypecky-se-zelim-bramborovy-knedlik-510g"
                   data-user-id=""
                   aria-hidden="true"
                   data-kosikmodal-onclose="onProductModalDestroy"
                   onclick="kosikAjax.click(this, initModalCarousel(this))">
                    <img src="https://cdn.kosik.cz/content/product/jpg/list/placeholder.jpg" data-src="https://cdn.kosik.cz/content/product/jpg/list/31304.jpg" alt="Apetit Vepřové výpečky se zelím, bramborový knedlík 510g" class="loading-images loading-image">
                </a>




        </div>
                <div class="product-item-info">
                <h5><a href="javascript:void(0)" aria-label="Apetit Vepřové výpečky se zelím, bramborový knedlík 510g" data-href="/hotova-jidla?productWidget-widgetCarousel-3-id=14051&amp;do=productWidget-widgetCarousel-3-modal" class="product-name modal-link"
                   data-target="productWidget-widgetCarousel-3-productModal" onclick="kosikAjax.click(this, initModalCarousel(this))">
                    Apetit Vepřové výpečky se zelím, bramborový knedlík 510g
                    
                </a></h5>
            <p class="product-item-price ">
                <span class="price-before-discount">
				</span>
                <strong class="price">74,90 Kč</strong>

            </p>
            <p class="product-item-unit">
                    (<strong class="price">146,90 Kč</strong> / kg)
            </p>
                        <div class="product-list-rating">
                <span><ul class="rating"><li class="rating-children rating-1 up" data-rating="1"><i class="fa fa-star"></i></li><li class="rating-children rating-2 up" data-rating="2"><i class="fa fa-star"></i></li><li class="rating-children rating-3 down" data-rating="3"><i class="fa fa-star"></i></li><li class="rating-children rating-4 down" data-rating="4"><i class="fa fa-star"></i></li><li class="rating-children rating-5 down" data-rating="5"><i class="fa fa-star"></i></li></ul></span>
            </div>
<div id="snippet-productWidget-widgetCarousel-3-buy-14051-quantity">        <div class="product-quantity-control">
            <form action="/hotova-jidla" method="post" class="ajax" id="frm-productWidget-widgetCarousel-3-buy-14051-quantityForm">
                <input type="text" name="quantity" size="3" id="frm-productWidget-widgetCarousel-3-buy-14051-quantityForm-quantity" data-nette-rules='[{"op":":integer","msg":"Množství musí být číslo."}]' value="1" aria-label="počet k přidání">
                <input type="submit" name="_submit" value="Přidat" class="product-quantity-control-submit plus" aria-label="přidat počet do košíku">
            <input type="hidden" name="do" value="productWidget-widgetCarousel-3-buy-14051-quantityForm-submit"><!--[if IE]><input type=IEbug disabled style="display:none"><![endif]-->
</form>

        </div>
</div>
                <p class="product-incart-info accessible">Produkt nemáte v košíku</p>


        </div>

        
    </div>
</div>

<div class="kosik-modal-overlay product-modal" id="productWidget-widgetCarousel-3-productModal" role="dialog">
    <div class="kosik-modal-inner large super-scaled" id="snippet-productWidget-widgetCarousel-3-productModalArea">
    </div>
</div>


<div class="kosik-modal-overlay" id="productWidget-widgetCarousel-3-productSetModal" role="dialog">
    <div class="kosik-modal-inner large super-scaled" id="snippet-productWidget-widgetCarousel-3-productSetModalArea">
    </div>
</div>
			</div>
		</div>
		<div class="region region-carousel region-products no-aside product-widget">
			<div class="home-product-widget region-inner region-products-inner slick-carousel" data-open="3" data-close="4">
				<div class="block block-title">
					<h3>Jídla bez příloh</h3>
				</div>
<script async>

    var onProductModalDestroy = function() {

    	var pageData = window.dataLayer[0];

        pageData["event"] = "ga.pageview";
        pageData["pagePath"] = window.location.pathname;
        pageData["pageTitle"] = window.document.title;

	    dataLayer.push(pageData);
    };
</script>
<div class="block block-product-items product-items" data-ajax-append="product-item" id="snippet-productWidget-widgetCarousel-4-productListArea">
    <div id="product-append-7999" class="product-item">
        <div class="product-item-flags">
        </div>
        <div class="product-item-image">
                <a data-href="/hotova-jidla?productWidget-widgetCarousel-4-id=7999&amp;do=productWidget-widgetCarousel-4-modal"
                   data-target="productWidget-widgetCarousel-4-productModal"
                   data-product-id="7999"
                   data-product-price="59.9"
                   data-page-title="Vodňanské kuře Uzená kuřecí stehna vakuovaná 2x210g"
                   data-page-path="/produkt/7999-vodnanske-kure-uzena-kureci-stehna-vakuovana-2x210g"
                   data-user-id=""
                   aria-hidden="true"
                   data-kosikmodal-onclose="onProductModalDestroy"
                   onclick="kosikAjax.click(this, initModalCarousel(this))">
                    <img src="https://cdn.kosik.cz/content/product/jpg/list/placeholder.jpg" data-src="https://cdn.kosik.cz/content/product/jpg/list/13542.jpg" alt="Vodňanské kuře Uzená kuřecí stehna vakuovaná 2x210g" class="loading-images loading-image">
                </a>




        </div>
                <div class="product-item-info">
                <h5><a href="javascript:void(0)" aria-label="Vodňanské kuře Uzená kuřecí stehna vakuovaná 2x210g" data-href="/hotova-jidla?productWidget-widgetCarousel-4-id=7999&amp;do=productWidget-widgetCarousel-4-modal" class="product-name modal-link"
                   data-target="productWidget-widgetCarousel-4-productModal" onclick="kosikAjax.click(this, initModalCarousel(this))">
                    Vodňanské kuře Uzená kuřecí stehna vakuovaná 2x210g
                    
                </a></h5>
            <p class="product-item-price ">
                <span class="price-before-discount">
				</span>
                <strong class="price">59,90 Kč</strong>

            </p>
            <p class="product-item-unit">
                    (<strong class="price">142,60 Kč</strong> / kg)
            </p>
                        <div class="product-list-rating">
            </div>
<div id="snippet-productWidget-widgetCarousel-4-buy-7999-quantity">        <div class="product-quantity-control">
            <form action="/hotova-jidla" method="post" class="ajax" id="frm-productWidget-widgetCarousel-4-buy-7999-quantityForm">
                <input type="text" name="quantity" size="3" id="frm-productWidget-widgetCarousel-4-buy-7999-quantityForm-quantity" data-nette-rules='[{"op":":integer","msg":"Množství musí být číslo."}]' value="1" aria-label="počet k přidání">
                <input type="submit" name="_submit" value="Přidat" class="product-quantity-control-submit plus" aria-label="přidat počet do košíku">
            <input type="hidden" name="do" value="productWidget-widgetCarousel-4-buy-7999-quantityForm-submit"><!--[if IE]><input type=IEbug disabled style="display:none"><![endif]-->
</form>

        </div>
</div>
                <p class="product-incart-info accessible">Produkt nemáte v košíku</p>


        </div>

        
    </div>
    <div id="product-append-11205" class="product-item">
        <div class="product-item-flags">
        </div>
        <div class="product-item-image">
                <a data-href="/hotova-jidla?productWidget-widgetCarousel-4-id=11205&amp;do=productWidget-widgetCarousel-4-modal"
                   data-target="productWidget-widgetCarousel-4-productModal"
                   data-product-id="11205"
                   data-product-price="62.9"
                   data-page-title="Nowaco Babiččiny plněné papriky s rajskou omáčkou 600g"
                   data-page-path="/produkt/11205-nowaco-babicciny-plnene-papriky-s-rajskou-omackou-600g"
                   data-user-id=""
                   aria-hidden="true"
                   data-kosikmodal-onclose="onProductModalDestroy"
                   onclick="kosikAjax.click(this, initModalCarousel(this))">
                    <img src="https://cdn.kosik.cz/content/product/jpg/list/placeholder.jpg" data-src="https://cdn.kosik.cz/content/product/jpg/list/28739.jpg" alt="Nowaco Babiččiny plněné papriky s rajskou omáčkou 600g" class="loading-images loading-image">
                </a>




        </div>
                <div class="product-item-info">
                <h5><a href="javascript:void(0)" aria-label="Nowaco Babiččiny plněné papriky s rajskou omáčkou 600g" data-href="/hotova-jidla?productWidget-widgetCarousel-4-id=11205&amp;do=productWidget-widgetCarousel-4-modal" class="product-name modal-link"
                   data-target="productWidget-widgetCarousel-4-productModal" onclick="kosikAjax.click(this, initModalCarousel(this))">
                    Nowaco Babiččiny plněné papriky s rajskou omáčkou 600g
                    
                </a></h5>
            <p class="product-item-price ">
                <span class="price-before-discount">
				</span>
                <strong class="price">62,90 Kč</strong>

            </p>
            <p class="product-item-unit">
                    (<strong class="price">104,80 Kč</strong> / kg)
            </p>
                        <div class="product-list-rating">
            </div>
<div id="snippet-productWidget-widgetCarousel-4-buy-11205-quantity">        <div class="product-quantity-control">
            <form action="/hotova-jidla" method="post" class="ajax" id="frm-productWidget-widgetCarousel-4-buy-11205-quantityForm">
                <input type="text" name="quantity" size="3" id="frm-productWidget-widgetCarousel-4-buy-11205-quantityForm-quantity" data-nette-rules='[{"op":":integer","msg":"Množství musí být číslo."}]' value="1" aria-label="počet k přidání">
                <input type="submit" name="_submit" value="Přidat" class="product-quantity-control-submit plus" aria-label="přidat počet do košíku">
            <input type="hidden" name="do" value="productWidget-widgetCarousel-4-buy-11205-quantityForm-submit"><!--[if IE]><input type=IEbug disabled style="display:none"><![endif]-->
</form>

        </div>
</div>
                <p class="product-incart-info accessible">Produkt nemáte v košíku</p>


        </div>

        
    </div>
    <div id="product-append-11207" class="product-item">
        <div class="product-item-flags">
        </div>
        <div class="product-item-image">
                <a data-href="/hotova-jidla?productWidget-widgetCarousel-4-id=11207&amp;do=productWidget-widgetCarousel-4-modal"
                   data-target="productWidget-widgetCarousel-4-productModal"
                   data-product-id="11207"
                   data-product-price="51.9"
                   data-page-title="Dobroty Babičky Kláry Masové knedlíčky v rajské omáčce 450g"
                   data-page-path="/produkt/11207-dobroty-babicky-klary-masove-knedlicky-v-rajske-omacce-450g"
                   data-user-id=""
                   aria-hidden="true"
                   data-kosikmodal-onclose="onProductModalDestroy"
                   onclick="kosikAjax.click(this, initModalCarousel(this))">
                    <img src="https://cdn.kosik.cz/content/product/jpg/list/placeholder.jpg" data-src="https://cdn.kosik.cz/content/product/jpg/list/28740.jpg" alt="Dobroty Babičky Kláry Masové knedlíčky v rajské omáčce 450g" class="loading-images loading-image">
                </a>




        </div>
                <div class="product-item-info">
                <h5><a href="javascript:void(0)" aria-label="Dobroty Babičky Kláry Masové knedlíčky v rajské omáčce 450g" data-href="/hotova-jidla?productWidget-widgetCarousel-4-id=11207&amp;do=productWidget-widgetCarousel-4-modal" class="product-name modal-link"
                   data-target="productWidget-widgetCarousel-4-productModal" onclick="kosikAjax.click(this, initModalCarousel(this))">
                    Dobroty Babičky Kláry Masové knedlíčky v rajské omáčce 450g
                    
                </a></h5>
            <p class="product-item-price ">
                <span class="price-before-discount">
				</span>
                <strong class="price">51,90 Kč</strong>

            </p>
            <p class="product-item-unit">
                    (<strong class="price">115,30 Kč</strong> / kg)
            </p>
                        <div class="product-list-rating">
            </div>
<div id="snippet-productWidget-widgetCarousel-4-buy-11207-quantity">        <div class="product-quantity-control">
            <form action="/hotova-jidla" method="post" class="ajax" id="frm-productWidget-widgetCarousel-4-buy-11207-quantityForm">
                <input type="text" name="quantity" size="3" id="frm-productWidget-widgetCarousel-4-buy-11207-quantityForm-quantity" data-nette-rules='[{"op":":integer","msg":"Množství musí být číslo."}]' value="1" aria-label="počet k přidání">
                <input type="submit" name="_submit" value="Přidat" class="product-quantity-control-submit plus" aria-label="přidat počet do košíku">
            <input type="hidden" name="do" value="productWidget-widgetCarousel-4-buy-11207-quantityForm-submit"><!--[if IE]><input type=IEbug disabled style="display:none"><![endif]-->
</form>

        </div>
</div>
                <p class="product-incart-info accessible">Produkt nemáte v košíku</p>


        </div>

        
    </div>
    <div id="product-append-11208" class="product-item">
        <div class="product-item-flags">
        </div>
        <div class="product-item-image">
                <a data-href="/hotova-jidla?productWidget-widgetCarousel-4-id=11208&amp;do=productWidget-widgetCarousel-4-modal"
                   data-target="productWidget-widgetCarousel-4-productModal"
                   data-product-id="11208"
                   data-product-price="51.9"
                   data-page-title="Dobroty Babičky Kláry Masové knedlíčky ve svíčkové omáčce 450g"
                   data-page-path="/produkt/11208-dobroty-babicky-klary-masove-knedlicky-ve-svickove-omacce-450g"
                   data-user-id=""
                   aria-hidden="true"
                   data-kosikmodal-onclose="onProductModalDestroy"
                   onclick="kosikAjax.click(this, initModalCarousel(this))">
                    <img src="https://cdn.kosik.cz/content/product/jpg/list/placeholder.jpg" data-src="https://cdn.kosik.cz/content/product/jpg/list/28741.jpg" alt="Dobroty Babičky Kláry Masové knedlíčky ve svíčkové omáčce 450g" class="loading-images loading-image">
                </a>




        </div>
                <div class="product-item-info">
                <h5><a href="javascript:void(0)" aria-label="Dobroty Babičky Kláry Masové knedlíčky ve svíčkové omáčce 450g" data-href="/hotova-jidla?productWidget-widgetCarousel-4-id=11208&amp;do=productWidget-widgetCarousel-4-modal" class="product-name modal-link"
                   data-target="productWidget-widgetCarousel-4-productModal" onclick="kosikAjax.click(this, initModalCarousel(this))">
                    Dobroty Babičky Kláry Masové knedlíčky ve svíčkové omáčce 450g
                    
                </a></h5>
            <p class="product-item-price ">
                <span class="price-before-discount">
				</span>
                <strong class="price">51,90 Kč</strong>

            </p>
            <p class="product-item-unit">
                    (<strong class="price">115,30 Kč</strong> / kg)
            </p>
                        <div class="product-list-rating">
            </div>
<div id="snippet-productWidget-widgetCarousel-4-buy-11208-quantity">        <div class="product-quantity-control">
            <form action="/hotova-jidla" method="post" class="ajax" id="frm-productWidget-widgetCarousel-4-buy-11208-quantityForm">
                <input type="text" name="quantity" size="3" id="frm-productWidget-widgetCarousel-4-buy-11208-quantityForm-quantity" data-nette-rules='[{"op":":integer","msg":"Množství musí být číslo."}]' value="1" aria-label="počet k přidání">
                <input type="submit" name="_submit" value="Přidat" class="product-quantity-control-submit plus" aria-label="přidat počet do košíku">
            <input type="hidden" name="do" value="productWidget-widgetCarousel-4-buy-11208-quantityForm-submit"><!--[if IE]><input type=IEbug disabled style="display:none"><![endif]-->
</form>

        </div>
</div>
                <p class="product-incart-info accessible">Produkt nemáte v košíku</p>


        </div>

        
    </div>
    <div id="product-append-37418" class="product-item">
        <div class="product-item-flags">
        </div>
        <div class="product-item-image">
                <a data-href="/hotova-jidla?productWidget-widgetCarousel-4-id=37418&amp;do=productWidget-widgetCarousel-4-modal"
                   data-target="productWidget-widgetCarousel-4-productModal"
                   data-product-id="37418"
                   data-product-price="478"
                   data-page-title="Krůtí prsa Sous vide (cca 2kg)"
                   data-page-path="/produkt/37418-kruti-prsa-sous-vide-cca-2kg"
                   data-user-id=""
                   aria-hidden="true"
                   data-kosikmodal-onclose="onProductModalDestroy"
                   onclick="kosikAjax.click(this, initModalCarousel(this))">
                    <img src="https://cdn.kosik.cz/content/product/jpg/list/placeholder.jpg" data-src="https://cdn.kosik.cz/content/product/jpg/list/55057.jpg" alt="Krůtí prsa Sous vide (cca 2kg)" class="loading-images loading-image">
                </a>




        </div>
                <div class="product-item-info">
                <h5><a href="javascript:void(0)" aria-label="Krůtí prsa Sous vide (cca 2kg)" data-href="/hotova-jidla?productWidget-widgetCarousel-4-id=37418&amp;do=productWidget-widgetCarousel-4-modal" class="product-name modal-link"
                   data-target="productWidget-widgetCarousel-4-productModal" onclick="kosikAjax.click(this, initModalCarousel(this))">
                    Krůtí prsa Sous vide (cca 2kg)
                    
                </a></h5>
            <p class="product-item-price ">
                <span class="price-before-discount">
				</span>
                <small class="circa-prefix">cca </small>
                <strong class="price">478,00 Kč</strong>

            </p>
            <p class="product-item-unit">
                    (<strong class="price">239,00 Kč</strong> / kg)
            </p>
                        <div class="product-list-rating">
            </div>
<div id="snippet-productWidget-widgetCarousel-4-buy-37418-quantity">        <div class="product-quantity-control">
            <form action="/hotova-jidla" method="post" class="ajax" id="frm-productWidget-widgetCarousel-4-buy-37418-quantityForm">
                <input type="text" name="quantity" size="3" id="frm-productWidget-widgetCarousel-4-buy-37418-quantityForm-quantity" data-nette-rules='[{"op":":integer","msg":"Množství musí být číslo."}]' value="1" aria-label="počet k přidání">
                <input type="submit" name="_submit" value="Přidat" class="product-quantity-control-submit plus" aria-label="přidat počet do košíku">
            <input type="hidden" name="do" value="productWidget-widgetCarousel-4-buy-37418-quantityForm-submit"><!--[if IE]><input type=IEbug disabled style="display:none"><![endif]-->
</form>

        </div>
</div>
                <p class="product-incart-info accessible">Produkt nemáte v košíku</p>


        </div>

        
    </div>
    <div id="product-append-37421" class="product-item">
        <div class="product-item-flags">
        </div>
        <div class="product-item-image">
                <a data-href="/hotova-jidla?productWidget-widgetCarousel-4-id=37421&amp;do=productWidget-widgetCarousel-4-modal"
                   data-target="productWidget-widgetCarousel-4-productModal"
                   data-product-id="37421"
                   data-product-price="372.3"
                   data-page-title="Velká kachní stehna konfit. Sous vide (cca 1,7kg)"
                   data-page-path="/produkt/37421-velka-kachni-stehna-konfit-sous-vide-cca-1-7kg"
                   data-user-id=""
                   aria-hidden="true"
                   data-kosikmodal-onclose="onProductModalDestroy"
                   onclick="kosikAjax.click(this, initModalCarousel(this))">
                    <img src="https://cdn.kosik.cz/content/product/jpg/list/placeholder.jpg" data-src="https://cdn.kosik.cz/content/product/jpg/list/55064.jpg" alt="Velká kachní stehna konfit. Sous vide (cca 1,7kg)" class="loading-images loading-image">
                </a>




        </div>
                <div class="product-item-info">
                <h5><a href="javascript:void(0)" aria-label="Velká kachní stehna konfit. Sous vide (cca 1,7kg)" data-href="/hotova-jidla?productWidget-widgetCarousel-4-id=37421&amp;do=productWidget-widgetCarousel-4-modal" class="product-name modal-link"
                   data-target="productWidget-widgetCarousel-4-productModal" onclick="kosikAjax.click(this, initModalCarousel(this))">
                    Velká kachní stehna konfit. Sous vide (cca 1,7kg)
                    
                </a></h5>
            <p class="product-item-price ">
                <span class="price-before-discount">
				</span>
                <small class="circa-prefix">cca </small>
                <strong class="price">372,30 Kč</strong>

            </p>
            <p class="product-item-unit">
                    (<strong class="price">219,00 Kč</strong> / kg)
            </p>
                        <div class="product-list-rating">
                <span><ul class="rating"><li class="rating-children rating-1 up" data-rating="1"><i class="fa fa-star"></i></li><li class="rating-children rating-2 up" data-rating="2"><i class="fa fa-star"></i></li><li class="rating-children rating-3 up" data-rating="3"><i class="fa fa-star"></i></li><li class="rating-children rating-4 up" data-rating="4"><i class="fa fa-star"></i></li><li class="rating-children rating-5 up" data-rating="5"><i class="fa fa-star"></i></li></ul></span>
            </div>
<div id="snippet-productWidget-widgetCarousel-4-buy-37421-quantity">        <div class="product-quantity-control">
            <form action="/hotova-jidla" method="post" class="ajax" id="frm-productWidget-widgetCarousel-4-buy-37421-quantityForm">
                <input type="text" name="quantity" size="3" id="frm-productWidget-widgetCarousel-4-buy-37421-quantityForm-quantity" data-nette-rules='[{"op":":integer","msg":"Množství musí být číslo."}]' value="1" aria-label="počet k přidání">
                <input type="submit" name="_submit" value="Přidat" class="product-quantity-control-submit plus" aria-label="přidat počet do košíku">
            <input type="hidden" name="do" value="productWidget-widgetCarousel-4-buy-37421-quantityForm-submit"><!--[if IE]><input type=IEbug disabled style="display:none"><![endif]-->
</form>

        </div>
</div>
                <p class="product-incart-info accessible">Produkt nemáte v košíku</p>


        </div>

        
    </div>
    <div id="product-append-37422" class="product-item">
        <div class="product-item-flags">
        </div>
        <div class="product-item-image">
                <a data-href="/hotova-jidla?productWidget-widgetCarousel-4-id=37422&amp;do=productWidget-widgetCarousel-4-modal"
                   data-target="productWidget-widgetCarousel-4-productModal"
                   data-product-id="37422"
                   data-product-price="288.83"
                   data-page-title="Vepřová žebra Sous vide (cca 1.7kg)"
                   data-page-path="/produkt/37422-veprova-zebra-sous-vide-cca-1-7kg"
                   data-user-id=""
                   aria-hidden="true"
                   data-kosikmodal-onclose="onProductModalDestroy"
                   onclick="kosikAjax.click(this, initModalCarousel(this))">
                    <img src="https://cdn.kosik.cz/content/product/jpg/list/placeholder.jpg" data-src="https://cdn.kosik.cz/content/product/jpg/list/55065.jpg" alt="Vepřová žebra Sous vide (cca 1.7kg)" class="loading-images loading-image">
                </a>




        </div>
                <div class="product-item-info">
                <h5><a href="javascript:void(0)" aria-label="Vepřová žebra Sous vide (cca 1.7kg)" data-href="/hotova-jidla?productWidget-widgetCarousel-4-id=37422&amp;do=productWidget-widgetCarousel-4-modal" class="product-name modal-link"
                   data-target="productWidget-widgetCarousel-4-productModal" onclick="kosikAjax.click(this, initModalCarousel(this))">
                    Vepřová žebra Sous vide (cca 1.7kg)
                    
                </a></h5>
            <p class="product-item-price ">
                <span class="price-before-discount">
				</span>
                <small class="circa-prefix">cca </small>
                <strong class="price">288,80 Kč</strong>

            </p>
            <p class="product-item-unit">
                    (<strong class="price">169,90 Kč</strong> / kg)
            </p>
                        <div class="product-list-rating">
            </div>
<div id="snippet-productWidget-widgetCarousel-4-buy-37422-quantity">        <div class="product-quantity-control">
            <form action="/hotova-jidla" method="post" class="ajax" id="frm-productWidget-widgetCarousel-4-buy-37422-quantityForm">
                <input type="text" name="quantity" size="3" id="frm-productWidget-widgetCarousel-4-buy-37422-quantityForm-quantity" data-nette-rules='[{"op":":integer","msg":"Množství musí být číslo."}]' value="1" aria-label="počet k přidání">
                <input type="submit" name="_submit" value="Přidat" class="product-quantity-control-submit plus" aria-label="přidat počet do košíku">
            <input type="hidden" name="do" value="productWidget-widgetCarousel-4-buy-37422-quantityForm-submit"><!--[if IE]><input type=IEbug disabled style="display:none"><![endif]-->
</form>

        </div>
</div>
                <p class="product-incart-info accessible">Produkt nemáte v košíku</p>


        </div>

        
    </div>
    <div id="product-append-40734" class="product-item">
        <div class="product-item-flags">
        </div>
        <div class="product-item-image">
                <a data-href="/hotova-jidla?productWidget-widgetCarousel-4-id=40734&amp;do=productWidget-widgetCarousel-4-modal"
                   data-target="productWidget-widgetCarousel-4-productModal"
                   data-product-id="40734"
                   data-product-price="99.9"
                   data-page-title="Selský grunt Vepřová žebra na gril 500g"
                   data-page-path="/produkt/40734-selsky-grunt-veprova-zebra-na-gril-500g"
                   data-user-id=""
                   aria-hidden="true"
                   data-kosikmodal-onclose="onProductModalDestroy"
                   onclick="kosikAjax.click(this, initModalCarousel(this))">
                    <img src="https://cdn.kosik.cz/content/product/jpg/list/placeholder.jpg" data-src="https://cdn.kosik.cz/content/product/jpg/list/58451.jpg" alt="Selský grunt Vepřová žebra na gril 500g" class="loading-images loading-image">
                </a>




        </div>
                <div class="product-item-info">
                <h5><a href="javascript:void(0)" aria-label="Selský grunt Vepřová žebra na gril 500g" data-href="/hotova-jidla?productWidget-widgetCarousel-4-id=40734&amp;do=productWidget-widgetCarousel-4-modal" class="product-name modal-link"
                   data-target="productWidget-widgetCarousel-4-productModal" onclick="kosikAjax.click(this, initModalCarousel(this))">
                    Selský grunt Vepřová žebra na gril 500g
                    
                </a></h5>
            <p class="product-item-price ">
                <span class="price-before-discount">
				</span>
                <strong class="price">99,90 Kč</strong>

            </p>
            <p class="product-item-unit">
                    (<strong class="price">199,80 Kč</strong> / kg)
            </p>
                        <div class="product-list-rating">
            </div>
<div id="snippet-productWidget-widgetCarousel-4-buy-40734-quantity">        <div class="product-quantity-control">
            <form action="/hotova-jidla" method="post" class="ajax" id="frm-productWidget-widgetCarousel-4-buy-40734-quantityForm">
                <input type="text" name="quantity" size="3" id="frm-productWidget-widgetCarousel-4-buy-40734-quantityForm-quantity" data-nette-rules='[{"op":":integer","msg":"Množství musí být číslo."}]' value="1" aria-label="počet k přidání">
                <input type="submit" name="_submit" value="Přidat" class="product-quantity-control-submit plus" aria-label="přidat počet do košíku">
            <input type="hidden" name="do" value="productWidget-widgetCarousel-4-buy-40734-quantityForm-submit"><!--[if IE]><input type=IEbug disabled style="display:none"><![endif]-->
</form>

        </div>
</div>
                <p class="product-incart-info accessible">Produkt nemáte v košíku</p>


        </div>

        
    </div>
    <div id="product-append-49118" class="product-item">
        <div class="product-item-flags">
            <div class="flag-sale ">
                <span class="percents">29<small>&#37;</small></span>
            </div>
        </div>
        <div class="product-item-image">
                <a data-href="/hotova-jidla?productWidget-widgetCarousel-4-id=49118&amp;do=productWidget-widgetCarousel-4-modal"
                   data-target="productWidget-widgetCarousel-4-productModal"
                   data-product-id="49118"
                   data-product-price="99"
                   data-page-title="Asia Style Yellow Curry 420g"
                   data-page-path="/produkt/49118-asia-style-yellow-curry-420g"
                   data-user-id=""
                   aria-hidden="true"
                   data-kosikmodal-onclose="onProductModalDestroy"
                   onclick="kosikAjax.click(this, initModalCarousel(this))">
                    <img src="https://cdn.kosik.cz/content/product/jpg/list/placeholder.jpg" data-src="https://cdn.kosik.cz/content/product/jpg/list/66675.jpg" alt="Asia Style Yellow Curry 420g" class="loading-images loading-image">
                </a>




        </div>
                <div class="product-item-info">
                <h5><a href="javascript:void(0)" aria-label="Asia Style Yellow Curry 420g" data-href="/hotova-jidla?productWidget-widgetCarousel-4-id=49118&amp;do=productWidget-widgetCarousel-4-modal" class="product-name modal-link"
                   data-target="productWidget-widgetCarousel-4-productModal" onclick="kosikAjax.click(this, initModalCarousel(this))">
                    Asia Style Yellow Curry 420g
                    
                </a></h5>
            <p class="product-item-price product-in-discount">
                <span class="price-before-discount">
					<span><strong class="price">99,00 Kč</strong></span>
				</span>
                <strong class="price">69,90 Kč</strong>

            </p>
            <p class="product-item-unit">
                    (<strong class="price">166,40 Kč</strong> / kg)
            </p>
                        <div class="product-list-rating">
                <span><ul class="rating"><li class="rating-children rating-1 up" data-rating="1"><i class="fa fa-star"></i></li><li class="rating-children rating-2 up" data-rating="2"><i class="fa fa-star"></i></li><li class="rating-children rating-3 up" data-rating="3"><i class="fa fa-star"></i></li><li class="rating-children rating-4 up" data-rating="4"><i class="fa fa-star"></i></li><li class="rating-children rating-5 up" data-rating="5"><i class="fa fa-star"></i></li></ul></span>
            </div>
<div id="snippet-productWidget-widgetCarousel-4-buy-49118-quantity">        <div class="product-quantity-control">
            <form action="/hotova-jidla" method="post" class="ajax" id="frm-productWidget-widgetCarousel-4-buy-49118-quantityForm">
                <input type="text" name="quantity" size="3" id="frm-productWidget-widgetCarousel-4-buy-49118-quantityForm-quantity" data-nette-rules='[{"op":":integer","msg":"Množství musí být číslo."}]' value="1" aria-label="počet k přidání">
                <input type="submit" name="_submit" value="Přidat" class="product-quantity-control-submit plus" aria-label="přidat počet do košíku">
            <input type="hidden" name="do" value="productWidget-widgetCarousel-4-buy-49118-quantityForm-submit"><!--[if IE]><input type=IEbug disabled style="display:none"><![endif]-->
</form>

        </div>
</div>
                <p class="product-incart-info accessible">Produkt nemáte v košíku</p>


        </div>

        
    </div>
    <div id="product-append-49119" class="product-item">
        <div class="product-item-flags">
            <div class="flag-sale ">
                <span class="percents">25<small>&#37;</small></span>
            </div>
        </div>
        <div class="product-item-image">
                <a data-href="/hotova-jidla?productWidget-widgetCarousel-4-id=49119&amp;do=productWidget-widgetCarousel-4-modal"
                   data-target="productWidget-widgetCarousel-4-productModal"
                   data-product-id="49119"
                   data-product-price="125"
                   data-page-title="Asia Style Red Curry 350g"
                   data-page-path="/produkt/49119-asia-style-red-curry-350g"
                   data-user-id=""
                   aria-hidden="true"
                   data-kosikmodal-onclose="onProductModalDestroy"
                   onclick="kosikAjax.click(this, initModalCarousel(this))">
                    <img src="https://cdn.kosik.cz/content/product/jpg/list/placeholder.jpg" data-src="https://cdn.kosik.cz/content/product/jpg/list/66676.jpg" alt="Asia Style Red Curry 350g" class="loading-images loading-image">
                </a>




        </div>
                <div class="product-item-info">
                <h5><a href="javascript:void(0)" aria-label="Asia Style Red Curry 350g" data-href="/hotova-jidla?productWidget-widgetCarousel-4-id=49119&amp;do=productWidget-widgetCarousel-4-modal" class="product-name modal-link"
                   data-target="productWidget-widgetCarousel-4-productModal" onclick="kosikAjax.click(this, initModalCarousel(this))">
                    Asia Style Red Curry 350g
                    
                </a></h5>
            <p class="product-item-price product-in-discount">
                <span class="price-before-discount">
					<span><strong class="price">125,00 Kč</strong></span>
				</span>
                <strong class="price">93,90 Kč</strong>

            </p>
            <p class="product-item-unit">
                    (<strong class="price">268,30 Kč</strong> / kg)
            </p>
                        <div class="product-list-rating">
                <span><ul class="rating"><li class="rating-children rating-1 up" data-rating="1"><i class="fa fa-star"></i></li><li class="rating-children rating-2 up" data-rating="2"><i class="fa fa-star"></i></li><li class="rating-children rating-3 up" data-rating="3"><i class="fa fa-star"></i></li><li class="rating-children rating-4 up" data-rating="4"><i class="fa fa-star"></i></li><li class="rating-children rating-5 up" data-rating="5"><i class="fa fa-star"></i></li></ul></span>
            </div>
<div id="snippet-productWidget-widgetCarousel-4-buy-49119-quantity">        <div class="product-quantity-control">
            <form action="/hotova-jidla" method="post" class="ajax" id="frm-productWidget-widgetCarousel-4-buy-49119-quantityForm">
                <input type="text" name="quantity" size="3" id="frm-productWidget-widgetCarousel-4-buy-49119-quantityForm-quantity" data-nette-rules='[{"op":":integer","msg":"Množství musí být číslo."}]' value="1" aria-label="počet k přidání">
                <input type="submit" name="_submit" value="Přidat" class="product-quantity-control-submit plus" aria-label="přidat počet do košíku">
            <input type="hidden" name="do" value="productWidget-widgetCarousel-4-buy-49119-quantityForm-submit"><!--[if IE]><input type=IEbug disabled style="display:none"><![endif]-->
</form>

        </div>
</div>
                <p class="product-incart-info accessible">Produkt nemáte v košíku</p>


        </div>

        
    </div>
    <div id="product-append-49122" class="product-item">
        <div class="product-item-flags">
            <div class="flag-sale ">
                <span class="percents">27<small>&#37;</small></span>
            </div>
        </div>
        <div class="product-item-image">
                <a data-href="/hotova-jidla?productWidget-widgetCarousel-4-id=49122&amp;do=productWidget-widgetCarousel-4-modal"
                   data-target="productWidget-widgetCarousel-4-productModal"
                   data-product-id="49122"
                   data-product-price="109"
                   data-page-title="Asia Style Thit Kho Trung 300g"
                   data-page-path="/produkt/49122-asia-style-thit-kho-trung-300g"
                   data-user-id=""
                   aria-hidden="true"
                   data-kosikmodal-onclose="onProductModalDestroy"
                   onclick="kosikAjax.click(this, initModalCarousel(this))">
                    <img src="https://cdn.kosik.cz/content/product/jpg/list/placeholder.jpg" data-src="https://cdn.kosik.cz/content/product/jpg/list/66679.jpg" alt="Asia Style Thit Kho Trung 300g" class="loading-images loading-image">
                </a>




        </div>
                <div class="product-item-info">
                <h5><a href="javascript:void(0)" aria-label="Asia Style Thit Kho Trung 300g" data-href="/hotova-jidla?productWidget-widgetCarousel-4-id=49122&amp;do=productWidget-widgetCarousel-4-modal" class="product-name modal-link"
                   data-target="productWidget-widgetCarousel-4-productModal" onclick="kosikAjax.click(this, initModalCarousel(this))">
                    Asia Style Thit Kho Trung 300g
                    
                </a></h5>
            <p class="product-item-price product-in-discount">
                <span class="price-before-discount">
					<span><strong class="price">109,00 Kč</strong></span>
				</span>
                <strong class="price">79,90 Kč</strong>

            </p>
            <p class="product-item-unit">
                    (<strong class="price">266,30 Kč</strong> / kg)
            </p>
                        <div class="product-list-rating">
            </div>
<div id="snippet-productWidget-widgetCarousel-4-buy-49122-quantity">        <div class="product-quantity-control">
            <form action="/hotova-jidla" method="post" class="ajax" id="frm-productWidget-widgetCarousel-4-buy-49122-quantityForm">
                <input type="text" name="quantity" size="3" id="frm-productWidget-widgetCarousel-4-buy-49122-quantityForm-quantity" data-nette-rules='[{"op":":integer","msg":"Množství musí být číslo."}]' value="1" aria-label="počet k přidání">
                <input type="submit" name="_submit" value="Přidat" class="product-quantity-control-submit plus" aria-label="přidat počet do košíku">
            <input type="hidden" name="do" value="productWidget-widgetCarousel-4-buy-49122-quantityForm-submit"><!--[if IE]><input type=IEbug disabled style="display:none"><![endif]-->
</form>

        </div>
</div>
                <p class="product-incart-info accessible">Produkt nemáte v košíku</p>


        </div>

        
    </div>
    <div id="product-append-49132" class="product-item">
        <div class="product-item-flags">
        </div>
        <div class="product-item-image">
                <a data-href="/hotova-jidla?productWidget-widgetCarousel-4-id=49132&amp;do=productWidget-widgetCarousel-4-modal"
                   data-target="productWidget-widgetCarousel-4-productModal"
                   data-product-id="49132"
                   data-product-price="99"
                   data-page-title="Navařeno Chilli Con Carne 420g"
                   data-page-path="/produkt/49132-navareno-chilli-con-carne-420g"
                   data-user-id=""
                   aria-hidden="true"
                   data-kosikmodal-onclose="onProductModalDestroy"
                   onclick="kosikAjax.click(this, initModalCarousel(this))">
                    <img src="https://cdn.kosik.cz/content/product/jpg/list/placeholder.jpg" data-src="https://cdn.kosik.cz/content/product/jpg/list/66688.jpg" alt="Navařeno Chilli Con Carne 420g" class="loading-images loading-image">
                </a>




        </div>
                <div class="product-item-info">
                <h5><a href="javascript:void(0)" aria-label="Navařeno Chilli Con Carne 420g" data-href="/hotova-jidla?productWidget-widgetCarousel-4-id=49132&amp;do=productWidget-widgetCarousel-4-modal" class="product-name modal-link"
                   data-target="productWidget-widgetCarousel-4-productModal" onclick="kosikAjax.click(this, initModalCarousel(this))">
                    Navařeno Chilli Con Carne 420g
                    
                </a></h5>
            <p class="product-item-price ">
                <span class="price-before-discount">
				</span>
                <strong class="price">99,00 Kč</strong>

            </p>
            <p class="product-item-unit">
                    (<strong class="price">235,70 Kč</strong> / kg)
            </p>
                        <div class="product-list-rating">
            </div>
<div id="snippet-productWidget-widgetCarousel-4-buy-49132-quantity">        <div class="product-quantity-control">
            <form action="/hotova-jidla" method="post" class="ajax" id="frm-productWidget-widgetCarousel-4-buy-49132-quantityForm">
                <input type="text" name="quantity" size="3" id="frm-productWidget-widgetCarousel-4-buy-49132-quantityForm-quantity" data-nette-rules='[{"op":":integer","msg":"Množství musí být číslo."}]' value="1" aria-label="počet k přidání">
                <input type="submit" name="_submit" value="Přidat" class="product-quantity-control-submit plus" aria-label="přidat počet do košíku">
            <input type="hidden" name="do" value="productWidget-widgetCarousel-4-buy-49132-quantityForm-submit"><!--[if IE]><input type=IEbug disabled style="display:none"><![endif]-->
</form>

        </div>
</div>
                <p class="product-incart-info accessible">Produkt nemáte v košíku</p>


        </div>

        
    </div>
    <div id="product-append-49134" class="product-item">
        <div class="product-item-flags">
        </div>
        <div class="product-item-image">
                <a data-href="/hotova-jidla?productWidget-widgetCarousel-4-id=49134&amp;do=productWidget-widgetCarousel-4-modal"
                   data-target="productWidget-widgetCarousel-4-productModal"
                   data-product-id="49134"
                   data-product-price="79"
                   data-page-title="Navařeno Masové kuličky s rajčatovou omáčkou Napolitana 420g"
                   data-page-path="/produkt/49134-navareno-masove-kulicky-s-rajcatovou-omackou-napolitana-420g"
                   data-user-id=""
                   aria-hidden="true"
                   data-kosikmodal-onclose="onProductModalDestroy"
                   onclick="kosikAjax.click(this, initModalCarousel(this))">
                    <img src="https://cdn.kosik.cz/content/product/jpg/list/placeholder.jpg" data-src="https://cdn.kosik.cz/content/product/jpg/list/66690.jpg" alt="Navařeno Masové kuličky s rajčatovou omáčkou Napolitana 420g" class="loading-images loading-image">
                </a>




        </div>
                <div class="product-item-info">
                <h5><a href="javascript:void(0)" aria-label="Navařeno Masové kuličky s rajčatovou omáčkou Napolitana 420g" data-href="/hotova-jidla?productWidget-widgetCarousel-4-id=49134&amp;do=productWidget-widgetCarousel-4-modal" class="product-name modal-link"
                   data-target="productWidget-widgetCarousel-4-productModal" onclick="kosikAjax.click(this, initModalCarousel(this))">
                    Navařeno Masové kuličky s rajčatovou omáčkou Napolitana 420g
                    
                </a></h5>
            <p class="product-item-price ">
                <span class="price-before-discount">
				</span>
                <strong class="price">79,00 Kč</strong>

            </p>
            <p class="product-item-unit">
                    (<strong class="price">188,10 Kč</strong> / kg)
            </p>
                        <div class="product-list-rating">
            </div>
<div id="snippet-productWidget-widgetCarousel-4-buy-49134-quantity">        <div class="product-quantity-control">
            <form action="/hotova-jidla" method="post" class="ajax" id="frm-productWidget-widgetCarousel-4-buy-49134-quantityForm">
                <input type="text" name="quantity" size="3" id="frm-productWidget-widgetCarousel-4-buy-49134-quantityForm-quantity" data-nette-rules='[{"op":":integer","msg":"Množství musí být číslo."}]' value="1" aria-label="počet k přidání">
                <input type="submit" name="_submit" value="Přidat" class="product-quantity-control-submit plus" aria-label="přidat počet do košíku">
            <input type="hidden" name="do" value="productWidget-widgetCarousel-4-buy-49134-quantityForm-submit"><!--[if IE]><input type=IEbug disabled style="display:none"><![endif]-->
</form>

        </div>
</div>
                <p class="product-incart-info accessible">Produkt nemáte v košíku</p>


        </div>

        
    </div>
    <div id="product-append-50753" class="product-item">
        <div class="product-item-flags">
        </div>
        <div class="product-item-image">
                <a data-href="/hotova-jidla?productWidget-widgetCarousel-4-id=50753&amp;do=productWidget-widgetCarousel-4-modal"
                   data-target="productWidget-widgetCarousel-4-productModal"
                   data-product-id="50753"
                   data-product-price="169"
                   data-page-title="Vepřová žebra - špičky Sous Vide (cca 900g)"
                   data-page-path="/produkt/50753-veprova-zebra-spicky-sous-vide-cca-900g"
                   data-user-id=""
                   aria-hidden="true"
                   data-kosikmodal-onclose="onProductModalDestroy"
                   onclick="kosikAjax.click(this, initModalCarousel(this))">
                    <img src="https://cdn.kosik.cz/content/product/jpg/list/placeholder.jpg" data-src="https://cdn.kosik.cz/content/product/jpg/list/68279.jpg" alt="Vepřová žebra - špičky Sous Vide (cca 900g)" class="loading-images loading-image">
                </a>




        </div>
                <div class="product-item-info">
                <h5><a href="javascript:void(0)" aria-label="Vepřová žebra - špičky Sous Vide (cca 900g)" data-href="/hotova-jidla?productWidget-widgetCarousel-4-id=50753&amp;do=productWidget-widgetCarousel-4-modal" class="product-name modal-link"
                   data-target="productWidget-widgetCarousel-4-productModal" onclick="kosikAjax.click(this, initModalCarousel(this))">
                    Vepřová žebra - špičky Sous Vide (cca 900g)
                    
                </a></h5>
            <p class="product-item-price ">
                <span class="price-before-discount">
				</span>
                <strong class="price">169,00 Kč</strong>

            </p>
            <p class="product-item-unit">
                    (<strong class="price">187,80 Kč</strong> / kg)
            </p>
                        <div class="product-list-rating">
            </div>
<div id="snippet-productWidget-widgetCarousel-4-buy-50753-quantity">        <div class="product-quantity-control">
            <form action="/hotova-jidla" method="post" class="ajax" id="frm-productWidget-widgetCarousel-4-buy-50753-quantityForm">
                <input type="text" name="quantity" size="3" id="frm-productWidget-widgetCarousel-4-buy-50753-quantityForm-quantity" data-nette-rules='[{"op":":integer","msg":"Množství musí být číslo."}]' value="1" aria-label="počet k přidání">
                <input type="submit" name="_submit" value="Přidat" class="product-quantity-control-submit plus" aria-label="přidat počet do košíku">
            <input type="hidden" name="do" value="productWidget-widgetCarousel-4-buy-50753-quantityForm-submit"><!--[if IE]><input type=IEbug disabled style="display:none"><![endif]-->
</form>

        </div>
</div>
                <p class="product-incart-info accessible">Produkt nemáte v košíku</p>


        </div>

        
    </div>
    <div id="product-append-13677" class="product-item">
        <div class="product-item-flags">
        </div>
        <div class="product-item-image">
                <a data-href="/hotova-jidla?productWidget-widgetCarousel-4-id=13677&amp;do=productWidget-widgetCarousel-4-modal"
                   data-target="productWidget-widgetCarousel-4-productModal"
                   data-product-id="13677"
                   data-product-price="79.9"
                   data-page-title="Frosta Paella 500g"
                   data-page-path="/produkt/13677-frosta-paella-500g"
                   data-user-id=""
                   aria-hidden="true"
                   data-kosikmodal-onclose="onProductModalDestroy"
                   onclick="kosikAjax.click(this, initModalCarousel(this))">
                    <img src="https://cdn.kosik.cz/content/product/jpg/list/placeholder.jpg" data-src="https://cdn.kosik.cz/content/product/jpg/list/30930.jpg" alt="Frosta Paella 500g" class="loading-images loading-image">
                </a>




        </div>
                <div class="product-item-info">
                <h5><a href="javascript:void(0)" aria-label="Frosta Paella 500g" data-href="/hotova-jidla?productWidget-widgetCarousel-4-id=13677&amp;do=productWidget-widgetCarousel-4-modal" class="product-name modal-link"
                   data-target="productWidget-widgetCarousel-4-productModal" onclick="kosikAjax.click(this, initModalCarousel(this))">
                    Frosta Paella 500g
                    
                </a></h5>
            <p class="product-item-price ">
                <span class="price-before-discount">
				</span>
                <strong class="price">79,90 Kč</strong>

            </p>
            <p class="product-item-unit">
                    (<strong class="price">159,80 Kč</strong> / kg)
            </p>
                        <div class="product-list-rating">
                <span><ul class="rating"><li class="rating-children rating-1 up" data-rating="1"><i class="fa fa-star"></i></li><li class="rating-children rating-2 up" data-rating="2"><i class="fa fa-star"></i></li><li class="rating-children rating-3 up" data-rating="3"><i class="fa fa-star"></i></li><li class="rating-children rating-4 up" data-rating="4"><i class="fa fa-star"></i></li><li class="rating-children rating-5 up" data-rating="5"><i class="fa fa-star"></i></li></ul></span>
            </div>
<div id="snippet-productWidget-widgetCarousel-4-buy-13677-quantity">        <div class="product-quantity-control">
            <form action="/hotova-jidla" method="post" class="ajax" id="frm-productWidget-widgetCarousel-4-buy-13677-quantityForm">
                <input type="text" name="quantity" size="3" id="frm-productWidget-widgetCarousel-4-buy-13677-quantityForm-quantity" data-nette-rules='[{"op":":integer","msg":"Množství musí být číslo."}]' value="1" aria-label="počet k přidání">
                <input type="submit" name="_submit" value="Přidat" class="product-quantity-control-submit plus" aria-label="přidat počet do košíku">
            <input type="hidden" name="do" value="productWidget-widgetCarousel-4-buy-13677-quantityForm-submit"><!--[if IE]><input type=IEbug disabled style="display:none"><![endif]-->
</form>

        </div>
</div>
                <p class="product-incart-info accessible">Produkt nemáte v košíku</p>


        </div>

        
    </div>
</div>

<div class="kosik-modal-overlay product-modal" id="productWidget-widgetCarousel-4-productModal" role="dialog">
    <div class="kosik-modal-inner large super-scaled" id="snippet-productWidget-widgetCarousel-4-productModalArea">
    </div>
</div>


<div class="kosik-modal-overlay" id="productWidget-widgetCarousel-4-productSetModal" role="dialog">
    <div class="kosik-modal-inner large super-scaled" id="snippet-productWidget-widgetCarousel-4-productSetModalArea">
    </div>
</div>
			</div>
		</div>
		<div class="region region-carousel region-products no-aside product-widget">
			<div class="home-product-widget region-inner region-products-inner slick-carousel" data-open="3" data-close="4">
				<div class="block block-title">
					<h3>Saláty</h3>
				</div>
<script async>

    var onProductModalDestroy = function() {

    	var pageData = window.dataLayer[0];

        pageData["event"] = "ga.pageview";
        pageData["pagePath"] = window.location.pathname;
        pageData["pageTitle"] = window.document.title;

	    dataLayer.push(pageData);
    };
</script>
<div class="block block-product-items product-items" data-ajax-append="product-item" id="snippet-productWidget-widgetCarousel-5-productListArea">
    <div id="product-append-25812" class="product-item">
        <div class="product-item-flags">
        </div>
        <div class="product-item-image">
                <a data-href="/hotova-jidla?productWidget-widgetCarousel-5-id=25812&amp;do=productWidget-widgetCarousel-5-modal"
                   data-target="productWidget-widgetCarousel-5-productModal"
                   data-product-id="25812"
                   data-product-price="59.9"
                   data-page-title="Těstovinový salát s grilovaným kuřetem a bazalkou 250g"
                   data-page-path="/produkt/25812-testovinovy-salat-s-grilovanym-kuretem-a-bazalkou-250g"
                   data-user-id=""
                   aria-hidden="true"
                   data-kosikmodal-onclose="onProductModalDestroy"
                   onclick="kosikAjax.click(this, initModalCarousel(this))">
                    <img src="https://cdn.kosik.cz/content/product/jpg/list/placeholder.jpg" data-src="https://cdn.kosik.cz/content/product/jpg/list/43093.jpg" alt="Těstovinový salát s grilovaným kuřetem a bazalkou 250g" class="loading-images loading-image">
                </a>




        </div>
                <div class="product-item-info">
                <h5><a href="javascript:void(0)" aria-label="Těstovinový salát s grilovaným kuřetem a bazalkou 250g" data-href="/hotova-jidla?productWidget-widgetCarousel-5-id=25812&amp;do=productWidget-widgetCarousel-5-modal" class="product-name modal-link"
                   data-target="productWidget-widgetCarousel-5-productModal" onclick="kosikAjax.click(this, initModalCarousel(this))">
                    Těstovinový salát s grilovaným kuřetem a bazalkou 250g
                    
                </a></h5>
            <p class="product-item-price ">
                <span class="price-before-discount">
				</span>
                <strong class="price">59,90 Kč</strong>

            </p>
            <p class="product-item-unit">
                    (<strong class="price">239,60 Kč</strong> / kg)
            </p>
                        <div class="product-list-rating">
            </div>
<div id="snippet-productWidget-widgetCarousel-5-buy-25812-quantity">        <div class="product-quantity-control">
            <form action="/hotova-jidla" method="post" class="ajax" id="frm-productWidget-widgetCarousel-5-buy-25812-quantityForm">
                <input type="text" name="quantity" size="3" id="frm-productWidget-widgetCarousel-5-buy-25812-quantityForm-quantity" data-nette-rules='[{"op":":integer","msg":"Množství musí být číslo."}]' value="1" aria-label="počet k přidání">
                <input type="submit" name="_submit" value="Přidat" class="product-quantity-control-submit plus" aria-label="přidat počet do košíku">
            <input type="hidden" name="do" value="productWidget-widgetCarousel-5-buy-25812-quantityForm-submit"><!--[if IE]><input type=IEbug disabled style="display:none"><![endif]-->
</form>

        </div>
</div>
                <p class="product-incart-info accessible">Produkt nemáte v košíku</p>


        </div>

        
    </div>
    <div id="product-append-25822" class="product-item">
        <div class="product-item-flags">
        </div>
        <div class="product-item-image">
                <a data-href="/hotova-jidla?productWidget-widgetCarousel-5-id=25822&amp;do=productWidget-widgetCarousel-5-modal"
                   data-target="productWidget-widgetCarousel-5-productModal"
                   data-product-id="25822"
                   data-product-price="49.9"
                   data-page-title="Giant cous cous s grilovanou zeleninou 250g"
                   data-page-path="/produkt/25822-giant-cous-cous-s-grilovanou-zeleninou-250g"
                   data-user-id=""
                   aria-hidden="true"
                   data-kosikmodal-onclose="onProductModalDestroy"
                   onclick="kosikAjax.click(this, initModalCarousel(this))">
                    <img src="https://cdn.kosik.cz/content/product/jpg/list/placeholder.jpg" data-src="https://cdn.kosik.cz/content/product/jpg/list/43103.jpg" alt="Giant cous cous s grilovanou zeleninou 250g" class="loading-images loading-image">
                </a>




        </div>
                <div class="product-item-info">
                <h5><a href="javascript:void(0)" aria-label="Giant cous cous s grilovanou zeleninou 250g" data-href="/hotova-jidla?productWidget-widgetCarousel-5-id=25822&amp;do=productWidget-widgetCarousel-5-modal" class="product-name modal-link"
                   data-target="productWidget-widgetCarousel-5-productModal" onclick="kosikAjax.click(this, initModalCarousel(this))">
                    Giant cous cous s grilovanou zeleninou 250g
                    
                </a></h5>
            <p class="product-item-price ">
                <span class="price-before-discount">
				</span>
                <strong class="price">49,90 Kč</strong>

            </p>
            <p class="product-item-unit">
                    (<strong class="price">199,60 Kč</strong> / kg)
            </p>
                        <div class="product-list-rating">
            </div>
<div id="snippet-productWidget-widgetCarousel-5-buy-25822-quantity">        <div class="product-quantity-control">
            <form action="/hotova-jidla" method="post" class="ajax" id="frm-productWidget-widgetCarousel-5-buy-25822-quantityForm">
                <input type="text" name="quantity" size="3" id="frm-productWidget-widgetCarousel-5-buy-25822-quantityForm-quantity" data-nette-rules='[{"op":":integer","msg":"Množství musí být číslo."}]' value="1" aria-label="počet k přidání">
                <input type="submit" name="_submit" value="Přidat" class="product-quantity-control-submit plus" aria-label="přidat počet do košíku">
            <input type="hidden" name="do" value="productWidget-widgetCarousel-5-buy-25822-quantityForm-submit"><!--[if IE]><input type=IEbug disabled style="display:none"><![endif]-->
</form>

        </div>
</div>
                <p class="product-incart-info accessible">Produkt nemáte v košíku</p>


        </div>

        
    </div>
    <div id="product-append-25823" class="product-item">
        <div class="product-item-flags">
        </div>
        <div class="product-item-image">
                <a data-href="/hotova-jidla?productWidget-widgetCarousel-5-id=25823&amp;do=productWidget-widgetCarousel-5-modal"
                   data-target="productWidget-widgetCarousel-5-productModal"
                   data-product-id="25823"
                   data-product-price="53.9"
                   data-page-title="Bulgur a Ajvar s grilovaným kuřetem a petrželkou 250g"
                   data-page-path="/produkt/25823-bulgur-a-ajvar-s-grilovanym-kuretem-a-petrzelkou-250g"
                   data-user-id=""
                   aria-hidden="true"
                   data-kosikmodal-onclose="onProductModalDestroy"
                   onclick="kosikAjax.click(this, initModalCarousel(this))">
                    <img src="https://cdn.kosik.cz/content/product/jpg/list/placeholder.jpg" data-src="https://cdn.kosik.cz/content/product/jpg/list/43104.jpg" alt="Bulgur a Ajvar s grilovaným kuřetem a petrželkou 250g" class="loading-images loading-image">
                </a>




        </div>
                <div class="product-item-info">
                <h5><a href="javascript:void(0)" aria-label="Bulgur a Ajvar s grilovaným kuřetem a petrželkou 250g" data-href="/hotova-jidla?productWidget-widgetCarousel-5-id=25823&amp;do=productWidget-widgetCarousel-5-modal" class="product-name modal-link"
                   data-target="productWidget-widgetCarousel-5-productModal" onclick="kosikAjax.click(this, initModalCarousel(this))">
                    Bulgur a Ajvar s grilovaným kuřetem a petrželkou 250g
                    
                </a></h5>
            <p class="product-item-price ">
                <span class="price-before-discount">
				</span>
                <strong class="price">53,90 Kč</strong>

            </p>
            <p class="product-item-unit">
                    (<strong class="price">215,60 Kč</strong> / kg)
            </p>
                        <div class="product-list-rating">
                <span><ul class="rating"><li class="rating-children rating-1 up" data-rating="1"><i class="fa fa-star"></i></li><li class="rating-children rating-2 up" data-rating="2"><i class="fa fa-star"></i></li><li class="rating-children rating-3 up" data-rating="3"><i class="fa fa-star"></i></li><li class="rating-children rating-4 up" data-rating="4"><i class="fa fa-star"></i></li><li class="rating-children rating-5 up" data-rating="5"><i class="fa fa-star"></i></li></ul></span>
            </div>
<div id="snippet-productWidget-widgetCarousel-5-buy-25823-quantity">        <div class="product-quantity-control">
            <form action="/hotova-jidla" method="post" class="ajax" id="frm-productWidget-widgetCarousel-5-buy-25823-quantityForm">
                <input type="text" name="quantity" size="3" id="frm-productWidget-widgetCarousel-5-buy-25823-quantityForm-quantity" data-nette-rules='[{"op":":integer","msg":"Množství musí být číslo."}]' value="1" aria-label="počet k přidání">
                <input type="submit" name="_submit" value="Přidat" class="product-quantity-control-submit plus" aria-label="přidat počet do košíku">
            <input type="hidden" name="do" value="productWidget-widgetCarousel-5-buy-25823-quantityForm-submit"><!--[if IE]><input type=IEbug disabled style="display:none"><![endif]-->
</form>

        </div>
</div>
                <p class="product-incart-info accessible">Produkt nemáte v košíku</p>


        </div>

        
    </div>
    <div id="product-append-25863" class="product-item">
        <div class="product-item-flags">
        </div>
        <div class="product-item-image">
                <a data-href="/hotova-jidla?productWidget-widgetCarousel-5-id=25863&amp;do=productWidget-widgetCarousel-5-modal"
                   data-target="productWidget-widgetCarousel-5-productModal"
                   data-product-id="25863"
                   data-product-price="51.9"
                   data-page-title="Couscous s batáty a cizrnou salát vegetariánský 200g"
                   data-page-path="/produkt/25863-couscous-s-bataty-a-cizrnou-salat-vegetariansky-200g"
                   data-user-id=""
                   aria-hidden="true"
                   data-kosikmodal-onclose="onProductModalDestroy"
                   onclick="kosikAjax.click(this, initModalCarousel(this))">
                    <img src="https://cdn.kosik.cz/content/product/jpg/list/placeholder.jpg" data-src="https://cdn.kosik.cz/content/product/jpg/list/43143.jpg" alt="Couscous s batáty a cizrnou salát vegetariánský 200g" class="loading-images loading-image">
                </a>




        </div>
                <div class="product-item-info">
                <h5><a href="javascript:void(0)" aria-label="Couscous s batáty a cizrnou salát vegetariánský 200g" data-href="/hotova-jidla?productWidget-widgetCarousel-5-id=25863&amp;do=productWidget-widgetCarousel-5-modal" class="product-name modal-link"
                   data-target="productWidget-widgetCarousel-5-productModal" onclick="kosikAjax.click(this, initModalCarousel(this))">
                    Couscous s batáty a cizrnou salát vegetariánský 200g
                    
                </a></h5>
            <p class="product-item-price ">
                <span class="price-before-discount">
				</span>
                <strong class="price">51,90 Kč</strong>

            </p>
            <p class="product-item-unit">
                    (<strong class="price">259,50 Kč</strong> / kg)
            </p>
                        <div class="product-list-rating">
            </div>
<div id="snippet-productWidget-widgetCarousel-5-buy-25863-quantity">        <div class="product-quantity-control">
            <form action="/hotova-jidla" method="post" class="ajax" id="frm-productWidget-widgetCarousel-5-buy-25863-quantityForm">
                <input type="text" name="quantity" size="3" id="frm-productWidget-widgetCarousel-5-buy-25863-quantityForm-quantity" data-nette-rules='[{"op":":integer","msg":"Množství musí být číslo."}]' value="1" aria-label="počet k přidání">
                <input type="submit" name="_submit" value="Přidat" class="product-quantity-control-submit plus" aria-label="přidat počet do košíku">
            <input type="hidden" name="do" value="productWidget-widgetCarousel-5-buy-25863-quantityForm-submit"><!--[if IE]><input type=IEbug disabled style="display:none"><![endif]-->
</form>

        </div>
</div>
                <p class="product-incart-info accessible">Produkt nemáte v košíku</p>


        </div>

        
    </div>
    <div id="product-append-25865" class="product-item">
        <div class="product-item-flags">
        </div>
        <div class="product-item-image">
                <a data-href="/hotova-jidla?productWidget-widgetCarousel-5-id=25865&amp;do=productWidget-widgetCarousel-5-modal"
                   data-target="productWidget-widgetCarousel-5-productModal"
                   data-product-id="25865"
                   data-product-price="53.9"
                   data-page-title="Quinoa s grilovanou zeleninou a avokádem 200g"
                   data-page-path="/produkt/25865-quinoa-s-grilovanou-zeleninou-a-avokadem-200g"
                   data-user-id=""
                   aria-hidden="true"
                   data-kosikmodal-onclose="onProductModalDestroy"
                   onclick="kosikAjax.click(this, initModalCarousel(this))">
                    <img src="https://cdn.kosik.cz/content/product/jpg/list/placeholder.jpg" data-src="https://cdn.kosik.cz/content/product/jpg/list/43145.jpg" alt="Quinoa s grilovanou zeleninou a avokádem 200g" class="loading-images loading-image">
                </a>




        </div>
                <div class="product-item-info">
                <h5><a href="javascript:void(0)" aria-label="Quinoa s grilovanou zeleninou a avokádem 200g" data-href="/hotova-jidla?productWidget-widgetCarousel-5-id=25865&amp;do=productWidget-widgetCarousel-5-modal" class="product-name modal-link"
                   data-target="productWidget-widgetCarousel-5-productModal" onclick="kosikAjax.click(this, initModalCarousel(this))">
                    Quinoa s grilovanou zeleninou a avokádem 200g
                    
                </a></h5>
            <p class="product-item-price ">
                <span class="price-before-discount">
				</span>
                <strong class="price">53,90 Kč</strong>

            </p>
            <p class="product-item-unit">
                    (<strong class="price">269,50 Kč</strong> / kg)
            </p>
                        <div class="product-list-rating">
            </div>
<div id="snippet-productWidget-widgetCarousel-5-buy-25865-quantity">        <div class="product-quantity-control">
            <form action="/hotova-jidla" method="post" class="ajax" id="frm-productWidget-widgetCarousel-5-buy-25865-quantityForm">
                <input type="text" name="quantity" size="3" id="frm-productWidget-widgetCarousel-5-buy-25865-quantityForm-quantity" data-nette-rules='[{"op":":integer","msg":"Množství musí být číslo."}]' value="1" aria-label="počet k přidání">
                <input type="submit" name="_submit" value="Přidat" class="product-quantity-control-submit plus" aria-label="přidat počet do košíku">
            <input type="hidden" name="do" value="productWidget-widgetCarousel-5-buy-25865-quantityForm-submit"><!--[if IE]><input type=IEbug disabled style="display:none"><![endif]-->
</form>

        </div>
</div>
                <p class="product-incart-info accessible">Produkt nemáte v košíku</p>


        </div>

        
    </div>
    <div id="product-append-25874" class="product-item">
        <div class="product-item-flags">
        </div>
        <div class="product-item-image">
                <a data-href="/hotova-jidla?productWidget-widgetCarousel-5-id=25874&amp;do=productWidget-widgetCarousel-5-modal"
                   data-target="productWidget-widgetCarousel-5-productModal"
                   data-product-id="25874"
                   data-product-price="49.9"
                   data-page-title="Quinoa s pečenou řepou 220g"
                   data-page-path="/produkt/25874-quinoa-s-pecenou-repou-220g"
                   data-user-id=""
                   aria-hidden="true"
                   data-kosikmodal-onclose="onProductModalDestroy"
                   onclick="kosikAjax.click(this, initModalCarousel(this))">
                    <img src="https://cdn.kosik.cz/content/product/jpg/list/placeholder.jpg" data-src="https://cdn.kosik.cz/content/product/jpg/list/43154.jpg" alt="Quinoa s pečenou řepou 220g" class="loading-images loading-image">
                </a>




        </div>
                <div class="product-item-info">
                <h5><a href="javascript:void(0)" aria-label="Quinoa s pečenou řepou 220g" data-href="/hotova-jidla?productWidget-widgetCarousel-5-id=25874&amp;do=productWidget-widgetCarousel-5-modal" class="product-name modal-link"
                   data-target="productWidget-widgetCarousel-5-productModal" onclick="kosikAjax.click(this, initModalCarousel(this))">
                    Quinoa s pečenou řepou 220g
                    
                </a></h5>
            <p class="product-item-price ">
                <span class="price-before-discount">
				</span>
                <strong class="price">49,90 Kč</strong>

            </p>
            <p class="product-item-unit">
                    (<strong class="price">226,80 Kč</strong> / kg)
            </p>
                        <div class="product-list-rating">
            </div>
<div id="snippet-productWidget-widgetCarousel-5-buy-25874-quantity">        <div class="product-quantity-control">
            <form action="/hotova-jidla" method="post" class="ajax" id="frm-productWidget-widgetCarousel-5-buy-25874-quantityForm">
                <input type="text" name="quantity" size="3" id="frm-productWidget-widgetCarousel-5-buy-25874-quantityForm-quantity" data-nette-rules='[{"op":":integer","msg":"Množství musí být číslo."}]' value="1" aria-label="počet k přidání">
                <input type="submit" name="_submit" value="Přidat" class="product-quantity-control-submit plus" aria-label="přidat počet do košíku">
            <input type="hidden" name="do" value="productWidget-widgetCarousel-5-buy-25874-quantityForm-submit"><!--[if IE]><input type=IEbug disabled style="display:none"><![endif]-->
</form>

        </div>
</div>
                <p class="product-incart-info accessible">Produkt nemáte v košíku</p>


        </div>

        
    </div>
    <div id="product-append-25877" class="product-item">
        <div class="product-item-flags">
        </div>
        <div class="product-item-image">
                <a data-href="/hotova-jidla?productWidget-widgetCarousel-5-id=25877&amp;do=productWidget-widgetCarousel-5-modal"
                   data-target="productWidget-widgetCarousel-5-productModal"
                   data-product-id="25877"
                   data-product-price="69.9"
                   data-page-title="Caesar salát s pečeným kuřetem a krutony 230g"
                   data-page-path="/produkt/25877-caesar-salat-s-pecenym-kuretem-a-krutony-230g"
                   data-user-id=""
                   aria-hidden="true"
                   data-kosikmodal-onclose="onProductModalDestroy"
                   onclick="kosikAjax.click(this, initModalCarousel(this))">
                    <img src="https://cdn.kosik.cz/content/product/jpg/list/placeholder.jpg" data-src="https://cdn.kosik.cz/content/product/jpg/list/43157.jpg" alt="Caesar salát s pečeným kuřetem a krutony 230g" class="loading-images loading-image">
                </a>




        </div>
                <div class="product-item-info">
                <h5><a href="javascript:void(0)" aria-label="Caesar salát s pečeným kuřetem a krutony 230g" data-href="/hotova-jidla?productWidget-widgetCarousel-5-id=25877&amp;do=productWidget-widgetCarousel-5-modal" class="product-name modal-link"
                   data-target="productWidget-widgetCarousel-5-productModal" onclick="kosikAjax.click(this, initModalCarousel(this))">
                    Caesar salát s pečeným kuřetem a krutony 230g
                    
                </a></h5>
            <p class="product-item-price ">
                <span class="price-before-discount">
				</span>
                <strong class="price">69,90 Kč</strong>

            </p>
            <p class="product-item-unit">
                    (<strong class="price">303,90 Kč</strong> / kg)
            </p>
                        <div class="product-list-rating">
            </div>
<div id="snippet-productWidget-widgetCarousel-5-buy-25877-quantity">        <div class="product-quantity-control">
            <form action="/hotova-jidla" method="post" class="ajax" id="frm-productWidget-widgetCarousel-5-buy-25877-quantityForm">
                <input type="text" name="quantity" size="3" id="frm-productWidget-widgetCarousel-5-buy-25877-quantityForm-quantity" data-nette-rules='[{"op":":integer","msg":"Množství musí být číslo."}]' value="1" aria-label="počet k přidání">
                <input type="submit" name="_submit" value="Přidat" class="product-quantity-control-submit plus" aria-label="přidat počet do košíku">
            <input type="hidden" name="do" value="productWidget-widgetCarousel-5-buy-25877-quantityForm-submit"><!--[if IE]><input type=IEbug disabled style="display:none"><![endif]-->
</form>

        </div>
</div>
                <p class="product-incart-info accessible">Produkt nemáte v košíku</p>


        </div>

        
    </div>
    <div id="product-append-25880" class="product-item">
        <div class="product-item-flags">
        </div>
        <div class="product-item-image">
                <a data-href="/hotova-jidla?productWidget-widgetCarousel-5-id=25880&amp;do=productWidget-widgetCarousel-5-modal"
                   data-target="productWidget-widgetCarousel-5-productModal"
                   data-product-id="25880"
                   data-product-price="74.9"
                   data-page-title="Zeleninový salát Proscuitto &amp; Sušená rajčata 240g"
                   data-page-path="/produkt/25880-zeleninovy-salat-proscuitto-susena-rajcata-240g"
                   data-user-id=""
                   aria-hidden="true"
                   data-kosikmodal-onclose="onProductModalDestroy"
                   onclick="kosikAjax.click(this, initModalCarousel(this))">
                    <img src="https://cdn.kosik.cz/content/product/jpg/list/placeholder.jpg" data-src="https://cdn.kosik.cz/content/product/jpg/list/43160.jpg" alt="Zeleninový salát Proscuitto &amp; Sušená rajčata 240g" class="loading-images loading-image">
                </a>




        </div>
                <div class="product-item-info">
                <h5><a href="javascript:void(0)" aria-label="Zeleninový salát Proscuitto &amp; Sušená rajčata 240g" data-href="/hotova-jidla?productWidget-widgetCarousel-5-id=25880&amp;do=productWidget-widgetCarousel-5-modal" class="product-name modal-link"
                   data-target="productWidget-widgetCarousel-5-productModal" onclick="kosikAjax.click(this, initModalCarousel(this))">
                    Zeleninový salát Proscuitto &amp; Sušená rajčata 240g
                    
                </a></h5>
            <p class="product-item-price ">
                <span class="price-before-discount">
				</span>
                <strong class="price">74,90 Kč</strong>

            </p>
            <p class="product-item-unit">
                    (<strong class="price">312,10 Kč</strong> / kg)
            </p>
                        <div class="product-list-rating">
            </div>
<div id="snippet-productWidget-widgetCarousel-5-buy-25880-quantity">        <div class="product-quantity-control">
            <form action="/hotova-jidla" method="post" class="ajax" id="frm-productWidget-widgetCarousel-5-buy-25880-quantityForm">
                <input type="text" name="quantity" size="3" id="frm-productWidget-widgetCarousel-5-buy-25880-quantityForm-quantity" data-nette-rules='[{"op":":integer","msg":"Množství musí být číslo."}]' value="1" aria-label="počet k přidání">
                <input type="submit" name="_submit" value="Přidat" class="product-quantity-control-submit plus" aria-label="přidat počet do košíku">
            <input type="hidden" name="do" value="productWidget-widgetCarousel-5-buy-25880-quantityForm-submit"><!--[if IE]><input type=IEbug disabled style="display:none"><![endif]-->
</form>

        </div>
</div>
                <p class="product-incart-info accessible">Produkt nemáte v košíku</p>


        </div>

        
    </div>
    <div id="product-append-25881" class="product-item">
        <div class="product-item-flags">
        </div>
        <div class="product-item-image">
                <a data-href="/hotova-jidla?productWidget-widgetCarousel-5-id=25881&amp;do=productWidget-widgetCarousel-5-modal"
                   data-target="productWidget-widgetCarousel-5-productModal"
                   data-product-id="25881"
                   data-product-price="41.9"
                   data-page-title="Ovocný salát Kokosové plátky 100g"
                   data-page-path="/produkt/25881-ovocny-salat-kokosove-platky-100g"
                   data-user-id=""
                   aria-hidden="true"
                   data-kosikmodal-onclose="onProductModalDestroy"
                   onclick="kosikAjax.click(this, initModalCarousel(this))">
                    <img src="https://cdn.kosik.cz/content/product/jpg/list/placeholder.jpg" data-src="https://cdn.kosik.cz/content/product/jpg/list/43161.jpg" alt="Ovocný salát Kokosové plátky 100g" class="loading-images loading-image">
                </a>




        </div>
                <div class="product-item-info">
                <h5><a href="javascript:void(0)" aria-label="Ovocný salát Kokosové plátky 100g" data-href="/hotova-jidla?productWidget-widgetCarousel-5-id=25881&amp;do=productWidget-widgetCarousel-5-modal" class="product-name modal-link"
                   data-target="productWidget-widgetCarousel-5-productModal" onclick="kosikAjax.click(this, initModalCarousel(this))">
                    Ovocný salát Kokosové plátky 100g
                    
                </a></h5>
            <p class="product-item-price ">
                <span class="price-before-discount">
				</span>
                <strong class="price">41,90 Kč</strong>

            </p>
            <p class="product-item-unit">
                    (<strong class="price">419,00 Kč</strong> / kg)
            </p>
                        <div class="product-list-rating">
            </div>
<div id="snippet-productWidget-widgetCarousel-5-buy-25881-quantity">        <div class="product-quantity-control">
            <form action="/hotova-jidla" method="post" class="ajax" id="frm-productWidget-widgetCarousel-5-buy-25881-quantityForm">
                <input type="text" name="quantity" size="3" id="frm-productWidget-widgetCarousel-5-buy-25881-quantityForm-quantity" data-nette-rules='[{"op":":integer","msg":"Množství musí být číslo."}]' value="1" aria-label="počet k přidání">
                <input type="submit" name="_submit" value="Přidat" class="product-quantity-control-submit plus" aria-label="přidat počet do košíku">
            <input type="hidden" name="do" value="productWidget-widgetCarousel-5-buy-25881-quantityForm-submit"><!--[if IE]><input type=IEbug disabled style="display:none"><![endif]-->
</form>

        </div>
</div>
                <p class="product-incart-info accessible">Produkt nemáte v košíku</p>


        </div>

        
    </div>
    <div id="product-append-25882" class="product-item">
        <div class="product-item-flags">
        </div>
        <div class="product-item-image">
                <a data-href="/hotova-jidla?productWidget-widgetCarousel-5-id=25882&amp;do=productWidget-widgetCarousel-5-modal"
                   data-target="productWidget-widgetCarousel-5-productModal"
                   data-product-id="25882"
                   data-product-price="74.9"
                   data-page-title="Zeleninový salát Pikant kuře &amp; Krutony 250g"
                   data-page-path="/produkt/25882-zeleninovy-salat-pikant-kure-krutony-250g"
                   data-user-id=""
                   aria-hidden="true"
                   data-kosikmodal-onclose="onProductModalDestroy"
                   onclick="kosikAjax.click(this, initModalCarousel(this))">
                    <img src="https://cdn.kosik.cz/content/product/jpg/list/placeholder.jpg" data-src="https://cdn.kosik.cz/content/product/jpg/list/43162.jpg" alt="Zeleninový salát Pikant kuře &amp; Krutony 250g" class="loading-images loading-image">
                </a>




        </div>
                <div class="product-item-info">
                <h5><a href="javascript:void(0)" aria-label="Zeleninový salát Pikant kuře &amp; Krutony 250g" data-href="/hotova-jidla?productWidget-widgetCarousel-5-id=25882&amp;do=productWidget-widgetCarousel-5-modal" class="product-name modal-link"
                   data-target="productWidget-widgetCarousel-5-productModal" onclick="kosikAjax.click(this, initModalCarousel(this))">
                    Zeleninový salát Pikant kuře &amp; Krutony 250g
                    
                </a></h5>
            <p class="product-item-price ">
                <span class="price-before-discount">
				</span>
                <strong class="price">74,90 Kč</strong>

            </p>
            <p class="product-item-unit">
                    (<strong class="price">299,60 Kč</strong> / kg)
            </p>
                        <div class="product-list-rating">
            </div>
<div id="snippet-productWidget-widgetCarousel-5-buy-25882-quantity">        <div class="product-quantity-control">
            <form action="/hotova-jidla" method="post" class="ajax" id="frm-productWidget-widgetCarousel-5-buy-25882-quantityForm">
                <input type="text" name="quantity" size="3" id="frm-productWidget-widgetCarousel-5-buy-25882-quantityForm-quantity" data-nette-rules='[{"op":":integer","msg":"Množství musí být číslo."}]' value="1" aria-label="počet k přidání">
                <input type="submit" name="_submit" value="Přidat" class="product-quantity-control-submit plus" aria-label="přidat počet do košíku">
            <input type="hidden" name="do" value="productWidget-widgetCarousel-5-buy-25882-quantityForm-submit"><!--[if IE]><input type=IEbug disabled style="display:none"><![endif]-->
</form>

        </div>
</div>
                <p class="product-incart-info accessible">Produkt nemáte v košíku</p>


        </div>

        
    </div>
    <div id="product-append-25905" class="product-item">
        <div class="product-item-flags">
        </div>
        <div class="product-item-image">
                <a data-href="/hotova-jidla?productWidget-widgetCarousel-5-id=25905&amp;do=productWidget-widgetCarousel-5-modal"
                   data-target="productWidget-widgetCarousel-5-productModal"
                   data-product-id="25905"
                   data-product-price="64.9"
                   data-page-title="Zeleninový salát Tuňák &amp; Vejce 230g"
                   data-page-path="/produkt/25905-zeleninovy-salat-tunak-vejce-230g"
                   data-user-id=""
                   aria-hidden="true"
                   data-kosikmodal-onclose="onProductModalDestroy"
                   onclick="kosikAjax.click(this, initModalCarousel(this))">
                    <img src="https://cdn.kosik.cz/content/product/jpg/list/placeholder.jpg" data-src="https://cdn.kosik.cz/content/product/jpg/list/43185.jpg" alt="Zeleninový salát Tuňák &amp; Vejce 230g" class="loading-images loading-image">
                </a>




        </div>
                <div class="product-item-info">
                <h5><a href="javascript:void(0)" aria-label="Zeleninový salát Tuňák &amp; Vejce 230g" data-href="/hotova-jidla?productWidget-widgetCarousel-5-id=25905&amp;do=productWidget-widgetCarousel-5-modal" class="product-name modal-link"
                   data-target="productWidget-widgetCarousel-5-productModal" onclick="kosikAjax.click(this, initModalCarousel(this))">
                    Zeleninový salát Tuňák &amp; Vejce 230g
                    
                </a></h5>
            <p class="product-item-price ">
                <span class="price-before-discount">
				</span>
                <strong class="price">64,90 Kč</strong>

            </p>
            <p class="product-item-unit">
                    (<strong class="price">282,20 Kč</strong> / kg)
            </p>
                        <div class="product-list-rating">
            </div>
<div id="snippet-productWidget-widgetCarousel-5-buy-25905-quantity">        <div class="product-quantity-control">
            <form action="/hotova-jidla" method="post" class="ajax" id="frm-productWidget-widgetCarousel-5-buy-25905-quantityForm">
                <input type="text" name="quantity" size="3" id="frm-productWidget-widgetCarousel-5-buy-25905-quantityForm-quantity" data-nette-rules='[{"op":":integer","msg":"Množství musí být číslo."}]' value="1" aria-label="počet k přidání">
                <input type="submit" name="_submit" value="Přidat" class="product-quantity-control-submit plus" aria-label="přidat počet do košíku">
            <input type="hidden" name="do" value="productWidget-widgetCarousel-5-buy-25905-quantityForm-submit"><!--[if IE]><input type=IEbug disabled style="display:none"><![endif]-->
</form>

        </div>
</div>
                <p class="product-incart-info accessible">Produkt nemáte v košíku</p>


        </div>

        
    </div>
    <div id="product-append-25907" class="product-item">
        <div class="product-item-flags">
        </div>
        <div class="product-item-image">
                <a data-href="/hotova-jidla?productWidget-widgetCarousel-5-id=25907&amp;do=productWidget-widgetCarousel-5-modal"
                   data-target="productWidget-widgetCarousel-5-productModal"
                   data-product-id="25907"
                   data-product-price="44.9"
                   data-page-title="Ovocný salát Exotický mix 200g"
                   data-page-path="/produkt/25907-ovocny-salat-exoticky-mix-200g"
                   data-user-id=""
                   aria-hidden="true"
                   data-kosikmodal-onclose="onProductModalDestroy"
                   onclick="kosikAjax.click(this, initModalCarousel(this))">
                    <img src="https://cdn.kosik.cz/content/product/jpg/list/placeholder.jpg" data-src="https://cdn.kosik.cz/content/product/jpg/list/43187.jpg" alt="Ovocný salát Exotický mix 200g" class="loading-images loading-image">
                </a>




        </div>
                <div class="product-item-info">
                <h5><a href="javascript:void(0)" aria-label="Ovocný salát Exotický mix 200g" data-href="/hotova-jidla?productWidget-widgetCarousel-5-id=25907&amp;do=productWidget-widgetCarousel-5-modal" class="product-name modal-link"
                   data-target="productWidget-widgetCarousel-5-productModal" onclick="kosikAjax.click(this, initModalCarousel(this))">
                    Ovocný salát Exotický mix 200g
                    
                </a></h5>
            <p class="product-item-price ">
                <span class="price-before-discount">
				</span>
                <strong class="price">44,90 Kč</strong>

            </p>
            <p class="product-item-unit">
                    (<strong class="price">224,50 Kč</strong> / kg)
            </p>
                        <div class="product-list-rating">
            </div>
<div id="snippet-productWidget-widgetCarousel-5-buy-25907-quantity">        <div class="product-quantity-control">
            <form action="/hotova-jidla" method="post" class="ajax" id="frm-productWidget-widgetCarousel-5-buy-25907-quantityForm">
                <input type="text" name="quantity" size="3" id="frm-productWidget-widgetCarousel-5-buy-25907-quantityForm-quantity" data-nette-rules='[{"op":":integer","msg":"Množství musí být číslo."}]' value="1" aria-label="počet k přidání">
                <input type="submit" name="_submit" value="Přidat" class="product-quantity-control-submit plus" aria-label="přidat počet do košíku">
            <input type="hidden" name="do" value="productWidget-widgetCarousel-5-buy-25907-quantityForm-submit"><!--[if IE]><input type=IEbug disabled style="display:none"><![endif]-->
</form>

        </div>
</div>
                <p class="product-incart-info accessible">Produkt nemáte v košíku</p>


        </div>

        
    </div>
    <div id="product-append-25909" class="product-item">
        <div class="product-item-flags">
        </div>
        <div class="product-item-image">
                <a data-href="/hotova-jidla?productWidget-widgetCarousel-5-id=25909&amp;do=productWidget-widgetCarousel-5-modal"
                   data-target="productWidget-widgetCarousel-5-productModal"
                   data-product-id="25909"
                   data-product-price="39.9"
                   data-page-title="Ovocný salát Granátové jablko 125g"
                   data-page-path="/produkt/25909-ovocny-salat-granatove-jablko-125g"
                   data-user-id=""
                   aria-hidden="true"
                   data-kosikmodal-onclose="onProductModalDestroy"
                   onclick="kosikAjax.click(this, initModalCarousel(this))">
                    <img src="https://cdn.kosik.cz/content/product/jpg/list/placeholder.jpg" data-src="https://cdn.kosik.cz/content/product/jpg/list/43189.jpg" alt="Ovocný salát Granátové jablko 125g" class="loading-images loading-image">
                </a>




        </div>
                <div class="product-item-info">
                <h5><a href="javascript:void(0)" aria-label="Ovocný salát Granátové jablko 125g" data-href="/hotova-jidla?productWidget-widgetCarousel-5-id=25909&amp;do=productWidget-widgetCarousel-5-modal" class="product-name modal-link"
                   data-target="productWidget-widgetCarousel-5-productModal" onclick="kosikAjax.click(this, initModalCarousel(this))">
                    Ovocný salát Granátové jablko 125g
                    
                </a></h5>
            <p class="product-item-price ">
                <span class="price-before-discount">
				</span>
                <strong class="price">39,90 Kč</strong>

            </p>
            <p class="product-item-unit">
                    (<strong class="price">319,20 Kč</strong> / kg)
            </p>
                        <div class="product-list-rating">
                <span><ul class="rating"><li class="rating-children rating-1 up" data-rating="1"><i class="fa fa-star"></i></li><li class="rating-children rating-2 up" data-rating="2"><i class="fa fa-star"></i></li><li class="rating-children rating-3 up" data-rating="3"><i class="fa fa-star"></i></li><li class="rating-children rating-4 down" data-rating="4"><i class="fa fa-star"></i></li><li class="rating-children rating-5 down" data-rating="5"><i class="fa fa-star"></i></li></ul></span>
            </div>
<div id="snippet-productWidget-widgetCarousel-5-buy-25909-quantity">        <div class="product-quantity-control">
            <form action="/hotova-jidla" method="post" class="ajax" id="frm-productWidget-widgetCarousel-5-buy-25909-quantityForm">
                <input type="text" name="quantity" size="3" id="frm-productWidget-widgetCarousel-5-buy-25909-quantityForm-quantity" data-nette-rules='[{"op":":integer","msg":"Množství musí být číslo."}]' value="1" aria-label="počet k přidání">
                <input type="submit" name="_submit" value="Přidat" class="product-quantity-control-submit plus" aria-label="přidat počet do košíku">
            <input type="hidden" name="do" value="productWidget-widgetCarousel-5-buy-25909-quantityForm-submit"><!--[if IE]><input type=IEbug disabled style="display:none"><![endif]-->
</form>

        </div>
</div>
                <p class="product-incart-info accessible">Produkt nemáte v košíku</p>


        </div>

        
    </div>
    <div id="product-append-25911" class="product-item">
        <div class="product-item-flags">
        </div>
        <div class="product-item-image">
                <a data-href="/hotova-jidla?productWidget-widgetCarousel-5-id=25911&amp;do=productWidget-widgetCarousel-5-modal"
                   data-target="productWidget-widgetCarousel-5-productModal"
                   data-product-id="25911"
                   data-product-price="49.9"
                   data-page-title="Ovocný salát Ananas 200g"
                   data-page-path="/produkt/25911-ovocny-salat-ananas-200g"
                   data-user-id=""
                   aria-hidden="true"
                   data-kosikmodal-onclose="onProductModalDestroy"
                   onclick="kosikAjax.click(this, initModalCarousel(this))">
                    <img src="https://cdn.kosik.cz/content/product/jpg/list/placeholder.jpg" data-src="https://cdn.kosik.cz/content/product/jpg/list/43191.jpg" alt="Ovocný salát Ananas 200g" class="loading-images loading-image">
                </a>




        </div>
                <div class="product-item-info">
                <h5><a href="javascript:void(0)" aria-label="Ovocný salát Ananas 200g" data-href="/hotova-jidla?productWidget-widgetCarousel-5-id=25911&amp;do=productWidget-widgetCarousel-5-modal" class="product-name modal-link"
                   data-target="productWidget-widgetCarousel-5-productModal" onclick="kosikAjax.click(this, initModalCarousel(this))">
                    Ovocný salát Ananas 200g
                    
                </a></h5>
            <p class="product-item-price ">
                <span class="price-before-discount">
				</span>
                <strong class="price">49,90 Kč</strong>

            </p>
            <p class="product-item-unit">
                    (<strong class="price">249,50 Kč</strong> / kg)
            </p>
                        <div class="product-list-rating">
            </div>
<div id="snippet-productWidget-widgetCarousel-5-buy-25911-quantity">        <div class="product-quantity-control">
            <form action="/hotova-jidla" method="post" class="ajax" id="frm-productWidget-widgetCarousel-5-buy-25911-quantityForm">
                <input type="text" name="quantity" size="3" id="frm-productWidget-widgetCarousel-5-buy-25911-quantityForm-quantity" data-nette-rules='[{"op":":integer","msg":"Množství musí být číslo."}]' value="1" aria-label="počet k přidání">
                <input type="submit" name="_submit" value="Přidat" class="product-quantity-control-submit plus" aria-label="přidat počet do košíku">
            <input type="hidden" name="do" value="productWidget-widgetCarousel-5-buy-25911-quantityForm-submit"><!--[if IE]><input type=IEbug disabled style="display:none"><![endif]-->
</form>

        </div>
</div>
                <p class="product-incart-info accessible">Produkt nemáte v košíku</p>


        </div>

        
    </div>
    <div id="product-append-25913" class="product-item">
        <div class="product-item-flags">
        </div>
        <div class="product-item-image">
                <a data-href="/hotova-jidla?productWidget-widgetCarousel-5-id=25913&amp;do=productWidget-widgetCarousel-5-modal"
                   data-target="productWidget-widgetCarousel-5-productModal"
                   data-product-id="25913"
                   data-product-price="74.9"
                   data-page-title="Zeleninový salát Ovčí sýr &amp; Řepa 240g"
                   data-page-path="/produkt/25913-zeleninovy-salat-ovci-syr-repa-240g"
                   data-user-id=""
                   aria-hidden="true"
                   data-kosikmodal-onclose="onProductModalDestroy"
                   onclick="kosikAjax.click(this, initModalCarousel(this))">
                    <img src="https://cdn.kosik.cz/content/product/jpg/list/placeholder.jpg" data-src="https://cdn.kosik.cz/content/product/jpg/list/43193.jpg" alt="Zeleninový salát Ovčí sýr &amp; Řepa 240g" class="loading-images loading-image">
                </a>




        </div>
                <div class="product-item-info">
                <h5><a href="javascript:void(0)" aria-label="Zeleninový salát Ovčí sýr &amp; Řepa 240g" data-href="/hotova-jidla?productWidget-widgetCarousel-5-id=25913&amp;do=productWidget-widgetCarousel-5-modal" class="product-name modal-link"
                   data-target="productWidget-widgetCarousel-5-productModal" onclick="kosikAjax.click(this, initModalCarousel(this))">
                    Zeleninový salát Ovčí sýr &amp; Řepa 240g
                    
                </a></h5>
            <p class="product-item-price ">
                <span class="price-before-discount">
				</span>
                <strong class="price">74,90 Kč</strong>

            </p>
            <p class="product-item-unit">
                    (<strong class="price">312,10 Kč</strong> / kg)
            </p>
                        <div class="product-list-rating">
            </div>
<div id="snippet-productWidget-widgetCarousel-5-buy-25913-quantity">        <div class="product-quantity-control">
            <form action="/hotova-jidla" method="post" class="ajax" id="frm-productWidget-widgetCarousel-5-buy-25913-quantityForm">
                <input type="text" name="quantity" size="3" id="frm-productWidget-widgetCarousel-5-buy-25913-quantityForm-quantity" data-nette-rules='[{"op":":integer","msg":"Množství musí být číslo."}]' value="1" aria-label="počet k přidání">
                <input type="submit" name="_submit" value="Přidat" class="product-quantity-control-submit plus" aria-label="přidat počet do košíku">
            <input type="hidden" name="do" value="productWidget-widgetCarousel-5-buy-25913-quantityForm-submit"><!--[if IE]><input type=IEbug disabled style="display:none"><![endif]-->
</form>

        </div>
</div>
                <p class="product-incart-info accessible">Produkt nemáte v košíku</p>


        </div>

        
    </div>
    <div id="product-append-29406" class="product-item">
        <div class="product-item-flags">
        </div>
        <div class="product-item-image">
                <a data-href="/hotova-jidla?productWidget-widgetCarousel-5-id=29406&amp;do=productWidget-widgetCarousel-5-modal"
                   data-target="productWidget-widgetCarousel-5-productModal"
                   data-product-id="29406"
                   data-product-price="19.9"
                   data-page-title="Beskyd Zelný salát s křenem 200g"
                   data-page-path="/produkt/29406-beskyd-zelny-salat-s-krenem-200g"
                   data-user-id=""
                   aria-hidden="true"
                   data-kosikmodal-onclose="onProductModalDestroy"
                   onclick="kosikAjax.click(this, initModalCarousel(this))">
                    <img src="https://cdn.kosik.cz/content/product/jpg/list/placeholder.jpg" data-src="https://cdn.kosik.cz/content/product/jpg/list/46782.jpg" alt="Beskyd Zelný salát s křenem 200g" class="loading-images loading-image">
                </a>




        </div>
                <div class="product-item-info">
                <h5><a href="javascript:void(0)" aria-label="Beskyd Zelný salát s křenem 200g" data-href="/hotova-jidla?productWidget-widgetCarousel-5-id=29406&amp;do=productWidget-widgetCarousel-5-modal" class="product-name modal-link"
                   data-target="productWidget-widgetCarousel-5-productModal" onclick="kosikAjax.click(this, initModalCarousel(this))">
                    Beskyd Zelný salát s křenem 200g
                    
                </a></h5>
            <p class="product-item-price ">
                <span class="price-before-discount">
				</span>
                <strong class="price">19,90 Kč</strong>

            </p>
            <p class="product-item-unit">
                    (<strong class="price">99,50 Kč</strong> / kg)
            </p>
                        <div class="product-list-rating">
            </div>
<div id="snippet-productWidget-widgetCarousel-5-buy-29406-quantity">        <div class="product-quantity-control">
            <form action="/hotova-jidla" method="post" class="ajax" id="frm-productWidget-widgetCarousel-5-buy-29406-quantityForm">
                <input type="text" name="quantity" size="3" id="frm-productWidget-widgetCarousel-5-buy-29406-quantityForm-quantity" data-nette-rules='[{"op":":integer","msg":"Množství musí být číslo."}]' value="1" aria-label="počet k přidání">
                <input type="submit" name="_submit" value="Přidat" class="product-quantity-control-submit plus" aria-label="přidat počet do košíku">
            <input type="hidden" name="do" value="productWidget-widgetCarousel-5-buy-29406-quantityForm-submit"><!--[if IE]><input type=IEbug disabled style="display:none"><![endif]-->
</form>

        </div>
</div>
                <p class="product-incart-info accessible">Produkt nemáte v košíku</p>


        </div>

        
    </div>
    <div id="product-append-29407" class="product-item">
        <div class="product-item-flags">
        </div>
        <div class="product-item-image">
                <a data-href="/hotova-jidla?productWidget-widgetCarousel-5-id=29407&amp;do=productWidget-widgetCarousel-5-modal"
                   data-target="productWidget-widgetCarousel-5-productModal"
                   data-product-id="29407"
                   data-product-price="19.9"
                   data-page-title="Beskyd Zelný salát s červenou řepou 200g"
                   data-page-path="/produkt/29407-beskyd-zelny-salat-s-cervenou-repou-200g"
                   data-user-id=""
                   aria-hidden="true"
                   data-kosikmodal-onclose="onProductModalDestroy"
                   onclick="kosikAjax.click(this, initModalCarousel(this))">
                    <img src="https://cdn.kosik.cz/content/product/jpg/list/placeholder.jpg" data-src="https://cdn.kosik.cz/content/product/jpg/list/46783.jpg" alt="Beskyd Zelný salát s červenou řepou 200g" class="loading-images loading-image">
                </a>




        </div>
                <div class="product-item-info">
                <h5><a href="javascript:void(0)" aria-label="Beskyd Zelný salát s červenou řepou 200g" data-href="/hotova-jidla?productWidget-widgetCarousel-5-id=29407&amp;do=productWidget-widgetCarousel-5-modal" class="product-name modal-link"
                   data-target="productWidget-widgetCarousel-5-productModal" onclick="kosikAjax.click(this, initModalCarousel(this))">
                    Beskyd Zelný salát s červenou řepou 200g
                    
                </a></h5>
            <p class="product-item-price ">
                <span class="price-before-discount">
				</span>
                <strong class="price">19,90 Kč</strong>

            </p>
            <p class="product-item-unit">
                    (<strong class="price">99,50 Kč</strong> / kg)
            </p>
                        <div class="product-list-rating">
            </div>
<div id="snippet-productWidget-widgetCarousel-5-buy-29407-quantity">        <div class="product-quantity-control">
            <form action="/hotova-jidla" method="post" class="ajax" id="frm-productWidget-widgetCarousel-5-buy-29407-quantityForm">
                <input type="text" name="quantity" size="3" id="frm-productWidget-widgetCarousel-5-buy-29407-quantityForm-quantity" data-nette-rules='[{"op":":integer","msg":"Množství musí být číslo."}]' value="1" aria-label="počet k přidání">
                <input type="submit" name="_submit" value="Přidat" class="product-quantity-control-submit plus" aria-label="přidat počet do košíku">
            <input type="hidden" name="do" value="productWidget-widgetCarousel-5-buy-29407-quantityForm-submit"><!--[if IE]><input type=IEbug disabled style="display:none"><![endif]-->
</form>

        </div>
</div>
                <p class="product-incart-info accessible">Produkt nemáte v košíku</p>


        </div>

        
    </div>
    <div id="product-append-29408" class="product-item">
        <div class="product-item-flags">
        </div>
        <div class="product-item-image">
                <a data-href="/hotova-jidla?productWidget-widgetCarousel-5-id=29408&amp;do=productWidget-widgetCarousel-5-modal"
                   data-target="productWidget-widgetCarousel-5-productModal"
                   data-product-id="29408"
                   data-product-price="19.9"
                   data-page-title="Beskyd Mrkvový salát se zálivkou 200g"
                   data-page-path="/produkt/29408-beskyd-mrkvovy-salat-se-zalivkou-200g"
                   data-user-id=""
                   aria-hidden="true"
                   data-kosikmodal-onclose="onProductModalDestroy"
                   onclick="kosikAjax.click(this, initModalCarousel(this))">
                    <img src="https://cdn.kosik.cz/content/product/jpg/list/placeholder.jpg" data-src="https://cdn.kosik.cz/content/product/jpg/list/46784.jpg" alt="Beskyd Mrkvový salát se zálivkou 200g" class="loading-images loading-image">
                </a>




        </div>
                <div class="product-item-info">
                <h5><a href="javascript:void(0)" aria-label="Beskyd Mrkvový salát se zálivkou 200g" data-href="/hotova-jidla?productWidget-widgetCarousel-5-id=29408&amp;do=productWidget-widgetCarousel-5-modal" class="product-name modal-link"
                   data-target="productWidget-widgetCarousel-5-productModal" onclick="kosikAjax.click(this, initModalCarousel(this))">
                    Beskyd Mrkvový salát se zálivkou 200g
                    
                </a></h5>
            <p class="product-item-price ">
                <span class="price-before-discount">
				</span>
                <strong class="price">19,90 Kč</strong>

            </p>
            <p class="product-item-unit">
                    (<strong class="price">99,50 Kč</strong> / kg)
            </p>
                        <div class="product-list-rating">
            </div>
<div id="snippet-productWidget-widgetCarousel-5-buy-29408-quantity">        <div class="product-quantity-control">
            <form action="/hotova-jidla" method="post" class="ajax" id="frm-productWidget-widgetCarousel-5-buy-29408-quantityForm">
                <input type="text" name="quantity" size="3" id="frm-productWidget-widgetCarousel-5-buy-29408-quantityForm-quantity" data-nette-rules='[{"op":":integer","msg":"Množství musí být číslo."}]' value="1" aria-label="počet k přidání">
                <input type="submit" name="_submit" value="Přidat" class="product-quantity-control-submit plus" aria-label="přidat počet do košíku">
            <input type="hidden" name="do" value="productWidget-widgetCarousel-5-buy-29408-quantityForm-submit"><!--[if IE]><input type=IEbug disabled style="display:none"><![endif]-->
</form>

        </div>
</div>
                <p class="product-incart-info accessible">Produkt nemáte v košíku</p>


        </div>

        
    </div>
    <div id="product-append-29409" class="product-item">
        <div class="product-item-flags">
        </div>
        <div class="product-item-image">
                <a data-href="/hotova-jidla?productWidget-widgetCarousel-5-id=29409&amp;do=productWidget-widgetCarousel-5-modal"
                   data-target="productWidget-widgetCarousel-5-productModal"
                   data-product-id="29409"
                   data-product-price="22.9"
                   data-page-title="Beskyd Mrkvový salát s ananasem 200g"
                   data-page-path="/produkt/29409-beskyd-mrkvovy-salat-s-ananasem-200g"
                   data-user-id=""
                   aria-hidden="true"
                   data-kosikmodal-onclose="onProductModalDestroy"
                   onclick="kosikAjax.click(this, initModalCarousel(this))">
                    <img src="https://cdn.kosik.cz/content/product/jpg/list/placeholder.jpg" data-src="https://cdn.kosik.cz/content/product/jpg/list/46785.jpg" alt="Beskyd Mrkvový salát s ananasem 200g" class="loading-images loading-image">
                </a>




        </div>
                <div class="product-item-info">
                <h5><a href="javascript:void(0)" aria-label="Beskyd Mrkvový salát s ananasem 200g" data-href="/hotova-jidla?productWidget-widgetCarousel-5-id=29409&amp;do=productWidget-widgetCarousel-5-modal" class="product-name modal-link"
                   data-target="productWidget-widgetCarousel-5-productModal" onclick="kosikAjax.click(this, initModalCarousel(this))">
                    Beskyd Mrkvový salát s ananasem 200g
                    
                </a></h5>
            <p class="product-item-price ">
                <span class="price-before-discount">
				</span>
                <strong class="price">22,90 Kč</strong>

            </p>
            <p class="product-item-unit">
                    (<strong class="price">114,50 Kč</strong> / kg)
            </p>
                        <div class="product-list-rating">
            </div>
<div id="snippet-productWidget-widgetCarousel-5-buy-29409-quantity">        <div class="product-quantity-control">
            <form action="/hotova-jidla" method="post" class="ajax" id="frm-productWidget-widgetCarousel-5-buy-29409-quantityForm">
                <input type="text" name="quantity" size="3" id="frm-productWidget-widgetCarousel-5-buy-29409-quantityForm-quantity" data-nette-rules='[{"op":":integer","msg":"Množství musí být číslo."}]' value="1" aria-label="počet k přidání">
                <input type="submit" name="_submit" value="Přidat" class="product-quantity-control-submit plus" aria-label="přidat počet do košíku">
            <input type="hidden" name="do" value="productWidget-widgetCarousel-5-buy-29409-quantityForm-submit"><!--[if IE]><input type=IEbug disabled style="display:none"><![endif]-->
</form>

        </div>
</div>
                <p class="product-incart-info accessible">Produkt nemáte v košíku</p>


        </div>

        
    </div>
    <div id="product-append-49123" class="product-item">
        <div class="product-item-flags">
        </div>
        <div class="product-item-image">
                <a data-href="/hotova-jidla?productWidget-widgetCarousel-5-id=49123&amp;do=productWidget-widgetCarousel-5-modal"
                   data-target="productWidget-widgetCarousel-5-productModal"
                   data-product-id="49123"
                   data-product-price="79"
                   data-page-title="Navařeno Zrníčkový salát bulgurový se zeleninou a šmakounem 300g"
                   data-page-path="/produkt/49123-navareno-zrnickovy-salat-bulgurovy-se-zeleninou-a-smakounem-300g"
                   data-user-id=""
                   aria-hidden="true"
                   data-kosikmodal-onclose="onProductModalDestroy"
                   onclick="kosikAjax.click(this, initModalCarousel(this))">
                    <img src="https://cdn.kosik.cz/content/product/jpg/list/placeholder.jpg" data-src="https://cdn.kosik.cz/content/product/jpg/list/66680.jpg" alt="Navařeno Zrníčkový salát bulgurový se zeleninou a šmakounem 300g" class="loading-images loading-image">
                </a>




        </div>
                <div class="product-item-info">
                <h5><a href="javascript:void(0)" aria-label="Navařeno Zrníčkový salát bulgurový se zeleninou a šmakounem 300g" data-href="/hotova-jidla?productWidget-widgetCarousel-5-id=49123&amp;do=productWidget-widgetCarousel-5-modal" class="product-name modal-link"
                   data-target="productWidget-widgetCarousel-5-productModal" onclick="kosikAjax.click(this, initModalCarousel(this))">
                    Navařeno Zrníčkový salát bulgurový se zeleninou a šmakounem 300g
                    
                </a></h5>
            <p class="product-item-price ">
                <span class="price-before-discount">
				</span>
                <strong class="price">79,00 Kč</strong>

            </p>
            <p class="product-item-unit">
                    (<strong class="price">263,30 Kč</strong> / kg)
            </p>
                        <div class="product-list-rating">
            </div>
<div id="snippet-productWidget-widgetCarousel-5-buy-49123-quantity">        <div class="product-quantity-control">
            <form action="/hotova-jidla" method="post" class="ajax" id="frm-productWidget-widgetCarousel-5-buy-49123-quantityForm">
                <input type="text" name="quantity" size="3" id="frm-productWidget-widgetCarousel-5-buy-49123-quantityForm-quantity" data-nette-rules='[{"op":":integer","msg":"Množství musí být číslo."}]' value="1" aria-label="počet k přidání">
                <input type="submit" name="_submit" value="Přidat" class="product-quantity-control-submit plus" aria-label="přidat počet do košíku">
            <input type="hidden" name="do" value="productWidget-widgetCarousel-5-buy-49123-quantityForm-submit"><!--[if IE]><input type=IEbug disabled style="display:none"><![endif]-->
</form>

        </div>
</div>
                <p class="product-incart-info accessible">Produkt nemáte v košíku</p>


        </div>

        
    </div>
    <div id="product-append-49125" class="product-item">
        <div class="product-item-flags">
        </div>
        <div class="product-item-image">
                <a data-href="/hotova-jidla?productWidget-widgetCarousel-5-id=49125&amp;do=productWidget-widgetCarousel-5-modal"
                   data-target="productWidget-widgetCarousel-5-productModal"
                   data-product-id="49125"
                   data-product-price="89"
                   data-page-title="Navařeno Zrníčkový salát kamutový s kuřecím masem 300g"
                   data-page-path="/produkt/49125-navareno-zrnickovy-salat-kamutovy-s-kurecim-masem-300g"
                   data-user-id=""
                   aria-hidden="true"
                   data-kosikmodal-onclose="onProductModalDestroy"
                   onclick="kosikAjax.click(this, initModalCarousel(this))">
                    <img src="https://cdn.kosik.cz/content/product/jpg/list/placeholder.jpg" data-src="https://cdn.kosik.cz/content/product/jpg/list/66681.jpg" alt="Navařeno Zrníčkový salát kamutový s kuřecím masem 300g" class="loading-images loading-image">
                </a>




        </div>
                <div class="product-item-info">
                <h5><a href="javascript:void(0)" aria-label="Navařeno Zrníčkový salát kamutový s kuřecím masem 300g" data-href="/hotova-jidla?productWidget-widgetCarousel-5-id=49125&amp;do=productWidget-widgetCarousel-5-modal" class="product-name modal-link"
                   data-target="productWidget-widgetCarousel-5-productModal" onclick="kosikAjax.click(this, initModalCarousel(this))">
                    Navařeno Zrníčkový salát kamutový s kuřecím masem 300g
                    
                </a></h5>
            <p class="product-item-price ">
                <span class="price-before-discount">
				</span>
                <strong class="price">89,00 Kč</strong>

            </p>
            <p class="product-item-unit">
                    (<strong class="price">296,70 Kč</strong> / kg)
            </p>
                        <div class="product-list-rating">
            </div>
<div id="snippet-productWidget-widgetCarousel-5-buy-49125-quantity">        <div class="product-quantity-control">
            <form action="/hotova-jidla" method="post" class="ajax" id="frm-productWidget-widgetCarousel-5-buy-49125-quantityForm">
                <input type="text" name="quantity" size="3" id="frm-productWidget-widgetCarousel-5-buy-49125-quantityForm-quantity" data-nette-rules='[{"op":":integer","msg":"Množství musí být číslo."}]' value="1" aria-label="počet k přidání">
                <input type="submit" name="_submit" value="Přidat" class="product-quantity-control-submit plus" aria-label="přidat počet do košíku">
            <input type="hidden" name="do" value="productWidget-widgetCarousel-5-buy-49125-quantityForm-submit"><!--[if IE]><input type=IEbug disabled style="display:none"><![endif]-->
</form>

        </div>
</div>
                <p class="product-incart-info accessible">Produkt nemáte v košíku</p>


        </div>

        
    </div>
    <div id="product-append-49126" class="product-item">
        <div class="product-item-flags">
        </div>
        <div class="product-item-image">
                <a data-href="/hotova-jidla?productWidget-widgetCarousel-5-id=49126&amp;do=productWidget-widgetCarousel-5-modal"
                   data-target="productWidget-widgetCarousel-5-productModal"
                   data-product-id="49126"
                   data-product-price="89"
                   data-page-title="Navařeno Zrníčkový salát salát s quinoou, fazolemi a granátovým jablkem 300g"
                   data-page-path="/produkt/49126-navareno-zrnickovy-salat-salat-s-quinoou-fazolemi-a-granatovym-jablkem-300g"
                   data-user-id=""
                   aria-hidden="true"
                   data-kosikmodal-onclose="onProductModalDestroy"
                   onclick="kosikAjax.click(this, initModalCarousel(this))">
                    <img src="https://cdn.kosik.cz/content/product/jpg/list/placeholder.jpg" data-src="https://cdn.kosik.cz/content/product/jpg/list/66682.jpg" alt="Navařeno Zrníčkový salát salát s quinoou, fazolemi a granátovým jablkem 300g" class="loading-images loading-image">
                </a>




        </div>
                <div class="product-item-info">
                <h5><a href="javascript:void(0)" aria-label="Navařeno Zrníčkový salát salát s quinoou, fazolemi a granátovým jablkem 300g" data-href="/hotova-jidla?productWidget-widgetCarousel-5-id=49126&amp;do=productWidget-widgetCarousel-5-modal" class="product-name modal-link"
                   data-target="productWidget-widgetCarousel-5-productModal" onclick="kosikAjax.click(this, initModalCarousel(this))">
                    Navařeno Zrníčkový salát salát s quinoou, fazolemi a granátovým jablkem 300g
                    
                </a></h5>
            <p class="product-item-price ">
                <span class="price-before-discount">
				</span>
                <strong class="price">89,00 Kč</strong>

            </p>
            <p class="product-item-unit">
                    (<strong class="price">296,70 Kč</strong> / kg)
            </p>
                        <div class="product-list-rating">
            </div>
<div id="snippet-productWidget-widgetCarousel-5-buy-49126-quantity">        <div class="product-quantity-control">
            <form action="/hotova-jidla" method="post" class="ajax" id="frm-productWidget-widgetCarousel-5-buy-49126-quantityForm">
                <input type="text" name="quantity" size="3" id="frm-productWidget-widgetCarousel-5-buy-49126-quantityForm-quantity" data-nette-rules='[{"op":":integer","msg":"Množství musí být číslo."}]' value="1" aria-label="počet k přidání">
                <input type="submit" name="_submit" value="Přidat" class="product-quantity-control-submit plus" aria-label="přidat počet do košíku">
            <input type="hidden" name="do" value="productWidget-widgetCarousel-5-buy-49126-quantityForm-submit"><!--[if IE]><input type=IEbug disabled style="display:none"><![endif]-->
</form>

        </div>
</div>
                <p class="product-incart-info accessible">Produkt nemáte v košíku</p>


        </div>

        
    </div>
    <div id="product-append-49128" class="product-item">
        <div class="product-item-flags">
        </div>
        <div class="product-item-image">
                <a data-href="/hotova-jidla?productWidget-widgetCarousel-5-id=49128&amp;do=productWidget-widgetCarousel-5-modal"
                   data-target="productWidget-widgetCarousel-5-productModal"
                   data-product-id="49128"
                   data-product-price="99"
                   data-page-title="Navařeno Zrníčkový salát špaldový se zeleninou a grilovaným sýrem 300g"
                   data-page-path="/produkt/49128-navareno-zrnickovy-salat-spaldovy-se-zeleninou-a-grilovanym-syrem-300g"
                   data-user-id=""
                   aria-hidden="true"
                   data-kosikmodal-onclose="onProductModalDestroy"
                   onclick="kosikAjax.click(this, initModalCarousel(this))">
                    <img src="https://cdn.kosik.cz/content/product/jpg/list/placeholder.jpg" data-src="https://cdn.kosik.cz/content/product/jpg/list/66684.jpg" alt="Navařeno Zrníčkový salát špaldový se zeleninou a grilovaným sýrem 300g" class="loading-images loading-image">
                </a>




        </div>
                <div class="product-item-info">
                <h5><a href="javascript:void(0)" aria-label="Navařeno Zrníčkový salát špaldový se zeleninou a grilovaným sýrem 300g" data-href="/hotova-jidla?productWidget-widgetCarousel-5-id=49128&amp;do=productWidget-widgetCarousel-5-modal" class="product-name modal-link"
                   data-target="productWidget-widgetCarousel-5-productModal" onclick="kosikAjax.click(this, initModalCarousel(this))">
                    Navařeno Zrníčkový salát špaldový se zeleninou a grilovaným sýrem 300g
                    
                </a></h5>
            <p class="product-item-price ">
                <span class="price-before-discount">
				</span>
                <strong class="price">99,00 Kč</strong>

            </p>
            <p class="product-item-unit">
                    (<strong class="price">330,00 Kč</strong> / kg)
            </p>
                        <div class="product-list-rating">
            </div>
<div id="snippet-productWidget-widgetCarousel-5-buy-49128-quantity">        <div class="product-quantity-control">
            <form action="/hotova-jidla" method="post" class="ajax" id="frm-productWidget-widgetCarousel-5-buy-49128-quantityForm">
                <input type="text" name="quantity" size="3" id="frm-productWidget-widgetCarousel-5-buy-49128-quantityForm-quantity" data-nette-rules='[{"op":":integer","msg":"Množství musí být číslo."}]' value="1" aria-label="počet k přidání">
                <input type="submit" name="_submit" value="Přidat" class="product-quantity-control-submit plus" aria-label="přidat počet do košíku">
            <input type="hidden" name="do" value="productWidget-widgetCarousel-5-buy-49128-quantityForm-submit"><!--[if IE]><input type=IEbug disabled style="display:none"><![endif]-->
</form>

        </div>
</div>
                <p class="product-incart-info accessible">Produkt nemáte v košíku</p>


        </div>

        
    </div>
</div>

<div class="kosik-modal-overlay product-modal" id="productWidget-widgetCarousel-5-productModal" role="dialog">
    <div class="kosik-modal-inner large super-scaled" id="snippet-productWidget-widgetCarousel-5-productModalArea">
    </div>
</div>


<div class="kosik-modal-overlay" id="productWidget-widgetCarousel-5-productSetModal" role="dialog">
    <div class="kosik-modal-inner large super-scaled" id="snippet-productWidget-widgetCarousel-5-productSetModalArea">
    </div>
</div>
			</div>
		</div>
		<div class="region region-carousel region-products no-aside product-widget">
			<div class="home-product-widget region-inner region-products-inner slick-carousel" data-open="3" data-close="4">
				<div class="block block-title">
					<h3>Přílohy a knedlíky</h3>
				</div>
<script async>

    var onProductModalDestroy = function() {

    	var pageData = window.dataLayer[0];

        pageData["event"] = "ga.pageview";
        pageData["pagePath"] = window.location.pathname;
        pageData["pageTitle"] = window.document.title;

	    dataLayer.push(pageData);
    };
</script>
<div class="block block-product-items product-items" data-ajax-append="product-item" id="snippet-productWidget-widgetCarousel-6-productListArea">
    <div id="product-append-9472" class="product-item">
        <div class="product-item-flags">
        </div>
        <div class="product-item-image">
                <a data-href="/hotova-jidla?productWidget-widgetCarousel-6-id=9472&amp;do=productWidget-widgetCarousel-6-modal"
                   data-target="productWidget-widgetCarousel-6-productModal"
                   data-product-id="9472"
                   data-product-price="49.9"
                   data-page-title="Faho Bramborový knedlík 500g"
                   data-page-path="/produkt/9472-faho-bramborovy-knedlik-500g"
                   data-user-id=""
                   aria-hidden="true"
                   data-kosikmodal-onclose="onProductModalDestroy"
                   onclick="kosikAjax.click(this, initModalCarousel(this))">
                    <img src="https://cdn.kosik.cz/content/product/jpg/list/placeholder.jpg" data-src="https://cdn.kosik.cz/content/product/jpg/list/20972.jpg" alt="Faho Bramborový knedlík 500g" class="loading-images loading-image">
                </a>




        </div>
                <div class="product-item-info">
                <h5><a href="javascript:void(0)" aria-label="Faho Bramborový knedlík 500g" data-href="/hotova-jidla?productWidget-widgetCarousel-6-id=9472&amp;do=productWidget-widgetCarousel-6-modal" class="product-name modal-link"
                   data-target="productWidget-widgetCarousel-6-productModal" onclick="kosikAjax.click(this, initModalCarousel(this))">
                    Faho Bramborový knedlík 500g
                    
                </a></h5>
            <p class="product-item-price ">
                <span class="price-before-discount">
				</span>
                <strong class="price">49,90 Kč</strong>

            </p>
            <p class="product-item-unit">
                    (<strong class="price">99,80 Kč</strong> / kg)
            </p>
                        <div class="product-list-rating">
                <span><ul class="rating"><li class="rating-children rating-1 up" data-rating="1"><i class="fa fa-star"></i></li><li class="rating-children rating-2 up" data-rating="2"><i class="fa fa-star"></i></li><li class="rating-children rating-3 up" data-rating="3"><i class="fa fa-star"></i></li><li class="rating-children rating-4 up" data-rating="4"><i class="fa fa-star"></i></li><li class="rating-children rating-5 up" data-rating="5"><i class="fa fa-star"></i></li></ul></span>
            </div>
<div id="snippet-productWidget-widgetCarousel-6-buy-9472-quantity">        <div class="product-quantity-control">
            <form action="/hotova-jidla" method="post" class="ajax" id="frm-productWidget-widgetCarousel-6-buy-9472-quantityForm">
                <input type="text" name="quantity" size="3" id="frm-productWidget-widgetCarousel-6-buy-9472-quantityForm-quantity" data-nette-rules='[{"op":":integer","msg":"Množství musí být číslo."}]' value="1" aria-label="počet k přidání">
                <input type="submit" name="_submit" value="Přidat" class="product-quantity-control-submit plus" aria-label="přidat počet do košíku">
            <input type="hidden" name="do" value="productWidget-widgetCarousel-6-buy-9472-quantityForm-submit"><!--[if IE]><input type=IEbug disabled style="display:none"><![endif]-->
</form>

        </div>
</div>
                <p class="product-incart-info accessible">Produkt nemáte v košíku</p>


        </div>

        
    </div>
    <div id="product-append-9473" class="product-item">
        <div class="product-item-flags">
        </div>
        <div class="product-item-image">
                <a data-href="/hotova-jidla?productWidget-widgetCarousel-6-id=9473&amp;do=productWidget-widgetCarousel-6-modal"
                   data-target="productWidget-widgetCarousel-6-productModal"
                   data-product-id="9473"
                   data-product-price="24.9"
                   data-page-title="Faho Houskový knedlík kynutý 300g"
                   data-page-path="/produkt/9473-faho-houskovy-knedlik-kynuty-300g"
                   data-user-id=""
                   aria-hidden="true"
                   data-kosikmodal-onclose="onProductModalDestroy"
                   onclick="kosikAjax.click(this, initModalCarousel(this))">
                    <img src="https://cdn.kosik.cz/content/product/jpg/list/placeholder.jpg" data-src="https://cdn.kosik.cz/content/product/jpg/list/20973.jpg" alt="Faho Houskový knedlík kynutý 300g" class="loading-images loading-image">
                </a>




        </div>
                <div class="product-item-info">
                <h5><a href="javascript:void(0)" aria-label="Faho Houskový knedlík kynutý 300g" data-href="/hotova-jidla?productWidget-widgetCarousel-6-id=9473&amp;do=productWidget-widgetCarousel-6-modal" class="product-name modal-link"
                   data-target="productWidget-widgetCarousel-6-productModal" onclick="kosikAjax.click(this, initModalCarousel(this))">
                    Faho Houskový knedlík kynutý 300g
                    
                </a></h5>
            <p class="product-item-price ">
                <span class="price-before-discount">
				</span>
                <strong class="price">24,90 Kč</strong>

            </p>
            <p class="product-item-unit">
                    (<strong class="price">83,00 Kč</strong> / kg)
            </p>
                        <div class="product-list-rating">
            </div>
<div id="snippet-productWidget-widgetCarousel-6-buy-9473-quantity">        <div class="product-quantity-control">
            <form action="/hotova-jidla" method="post" class="ajax" id="frm-productWidget-widgetCarousel-6-buy-9473-quantityForm">
                <input type="text" name="quantity" size="3" id="frm-productWidget-widgetCarousel-6-buy-9473-quantityForm-quantity" data-nette-rules='[{"op":":integer","msg":"Množství musí být číslo."}]' value="1" aria-label="počet k přidání">
                <input type="submit" name="_submit" value="Přidat" class="product-quantity-control-submit plus" aria-label="přidat počet do košíku">
            <input type="hidden" name="do" value="productWidget-widgetCarousel-6-buy-9473-quantityForm-submit"><!--[if IE]><input type=IEbug disabled style="display:none"><![endif]-->
</form>

        </div>
</div>
                <p class="product-incart-info accessible">Produkt nemáte v košíku</p>


        </div>

        
    </div>
    <div id="product-append-12900" class="product-item">
        <div class="product-item-flags">
        </div>
        <div class="product-item-image">
                <a data-href="/hotova-jidla?productWidget-widgetCarousel-6-id=12900&amp;do=productWidget-widgetCarousel-6-modal"
                   data-target="productWidget-widgetCarousel-6-productModal"
                   data-product-id="12900"
                   data-product-price="44.9"
                   data-page-title="Pata Gnocco Gnocchi di Patate 500g"
                   data-page-path="/produkt/12900-pata-gnocco-gnocchi-di-patate-500g"
                   data-user-id=""
                   aria-hidden="true"
                   data-kosikmodal-onclose="onProductModalDestroy"
                   onclick="kosikAjax.click(this, initModalCarousel(this))">
                    <img src="https://cdn.kosik.cz/content/product/jpg/list/placeholder.jpg" data-src="https://cdn.kosik.cz/content/product/jpg/list/30259.jpg" alt="Pata Gnocco Gnocchi di Patate 500g" class="loading-images loading-image">
                </a>




        </div>
                <div class="product-item-info">
                <h5><a href="javascript:void(0)" aria-label="Pata Gnocco Gnocchi di Patate 500g" data-href="/hotova-jidla?productWidget-widgetCarousel-6-id=12900&amp;do=productWidget-widgetCarousel-6-modal" class="product-name modal-link"
                   data-target="productWidget-widgetCarousel-6-productModal" onclick="kosikAjax.click(this, initModalCarousel(this))">
                    Pata Gnocco Gnocchi di Patate 500g
                    
                </a></h5>
            <p class="product-item-price ">
                <span class="price-before-discount">
				</span>
                <strong class="price">44,90 Kč</strong>

            </p>
            <p class="product-item-unit">
                    (<strong class="price">89,80 Kč</strong> / kg)
            </p>
                        <div class="product-list-rating">
            </div>
<div id="snippet-productWidget-widgetCarousel-6-buy-12900-quantity">        <div class="product-quantity-control">
            <form action="/hotova-jidla" method="post" class="ajax" id="frm-productWidget-widgetCarousel-6-buy-12900-quantityForm">
                <input type="text" name="quantity" size="3" id="frm-productWidget-widgetCarousel-6-buy-12900-quantityForm-quantity" data-nette-rules='[{"op":":integer","msg":"Množství musí být číslo."}]' value="1" aria-label="počet k přidání">
                <input type="submit" name="_submit" value="Přidat" class="product-quantity-control-submit plus" aria-label="přidat počet do košíku">
            <input type="hidden" name="do" value="productWidget-widgetCarousel-6-buy-12900-quantityForm-submit"><!--[if IE]><input type=IEbug disabled style="display:none"><![endif]-->
</form>

        </div>
</div>
                <p class="product-incart-info accessible">Produkt nemáte v košíku</p>


        </div>

        
    </div>
    <div id="product-append-9474" class="product-item">
        <div class="product-item-flags">
        </div>
        <div class="product-item-image">
                <a data-href="/hotova-jidla?productWidget-widgetCarousel-6-id=9474&amp;do=productWidget-widgetCarousel-6-modal"
                   data-target="productWidget-widgetCarousel-6-productModal"
                   data-product-id="9474"
                   data-product-price="74.9"
                   data-page-title="Faho Karlovarský knedlík 500g"
                   data-page-path="/produkt/9474-faho-karlovarsky-knedlik-500g"
                   data-user-id=""
                   aria-hidden="true"
                   data-kosikmodal-onclose="onProductModalDestroy"
                   onclick="kosikAjax.click(this, initModalCarousel(this))">
                    <img src="https://cdn.kosik.cz/content/product/jpg/list/placeholder.jpg" data-src="https://cdn.kosik.cz/content/product/jpg/list/20974.jpg" alt="Faho Karlovarský knedlík 500g" class="loading-images loading-image">
                </a>




        </div>
                <div class="product-item-info">
                <h5><a href="javascript:void(0)" aria-label="Faho Karlovarský knedlík 500g" data-href="/hotova-jidla?productWidget-widgetCarousel-6-id=9474&amp;do=productWidget-widgetCarousel-6-modal" class="product-name modal-link"
                   data-target="productWidget-widgetCarousel-6-productModal" onclick="kosikAjax.click(this, initModalCarousel(this))">
                    Faho Karlovarský knedlík 500g
                    
                </a></h5>
            <p class="product-item-price ">
                <span class="price-before-discount">
				</span>
                <strong class="price">74,90 Kč</strong>

            </p>
            <p class="product-item-unit">
                    (<strong class="price">149,80 Kč</strong> / kg)
            </p>
                        <div class="product-list-rating">
            </div>
<div id="snippet-productWidget-widgetCarousel-6-buy-9474-quantity">        <div class="product-quantity-control">
            <form action="/hotova-jidla" method="post" class="ajax" id="frm-productWidget-widgetCarousel-6-buy-9474-quantityForm">
                <input type="text" name="quantity" size="3" id="frm-productWidget-widgetCarousel-6-buy-9474-quantityForm-quantity" data-nette-rules='[{"op":":integer","msg":"Množství musí být číslo."}]' value="1" aria-label="počet k přidání">
                <input type="submit" name="_submit" value="Přidat" class="product-quantity-control-submit plus" aria-label="přidat počet do košíku">
            <input type="hidden" name="do" value="productWidget-widgetCarousel-6-buy-9474-quantityForm-submit"><!--[if IE]><input type=IEbug disabled style="display:none"><![endif]-->
</form>

        </div>
</div>
                <p class="product-incart-info accessible">Produkt nemáte v košíku</p>


        </div>

        
    </div>
    <div id="product-append-13798" class="product-item">
        <div class="product-item-flags">
        </div>
        <div class="product-item-image">
                <a data-href="/hotova-jidla?productWidget-widgetCarousel-6-id=13798&amp;do=productWidget-widgetCarousel-6-modal"
                   data-target="productWidget-widgetCarousel-6-productModal"
                   data-product-id="13798"
                   data-product-price="36.9"
                   data-page-title="Faho Knedlík houskový kynutý 550g"
                   data-page-path="/produkt/13798-faho-knedlik-houskovy-kynuty-550g"
                   data-user-id=""
                   aria-hidden="true"
                   data-kosikmodal-onclose="onProductModalDestroy"
                   onclick="kosikAjax.click(this, initModalCarousel(this))">
                    <img src="https://cdn.kosik.cz/content/product/jpg/list/placeholder.jpg" data-src="https://cdn.kosik.cz/content/product/jpg/list/31051.jpg" alt="Faho Knedlík houskový kynutý 550g" class="loading-images loading-image">
                </a>




        </div>
                <div class="product-item-info">
                <h5><a href="javascript:void(0)" aria-label="Faho Knedlík houskový kynutý 550g" data-href="/hotova-jidla?productWidget-widgetCarousel-6-id=13798&amp;do=productWidget-widgetCarousel-6-modal" class="product-name modal-link"
                   data-target="productWidget-widgetCarousel-6-productModal" onclick="kosikAjax.click(this, initModalCarousel(this))">
                    Faho Knedlík houskový kynutý 550g
                    
                </a></h5>
            <p class="product-item-price ">
                <span class="price-before-discount">
				</span>
                <strong class="price">36,90 Kč</strong>

            </p>
            <p class="product-item-unit">
                    (<strong class="price">67,10 Kč</strong> / kg)
            </p>
                        <div class="product-list-rating">
            </div>
<div id="snippet-productWidget-widgetCarousel-6-buy-13798-quantity">        <div class="product-quantity-control">
            <form action="/hotova-jidla" method="post" class="ajax" id="frm-productWidget-widgetCarousel-6-buy-13798-quantityForm">
                <input type="text" name="quantity" size="3" id="frm-productWidget-widgetCarousel-6-buy-13798-quantityForm-quantity" data-nette-rules='[{"op":":integer","msg":"Množství musí být číslo."}]' value="1" aria-label="počet k přidání">
                <input type="submit" name="_submit" value="Přidat" class="product-quantity-control-submit plus" aria-label="přidat počet do košíku">
            <input type="hidden" name="do" value="productWidget-widgetCarousel-6-buy-13798-quantityForm-submit"><!--[if IE]><input type=IEbug disabled style="display:none"><![endif]-->
</form>

        </div>
</div>
                <p class="product-incart-info accessible">Produkt nemáte v košíku</p>


        </div>

        
    </div>
    <div id="product-append-11204" class="product-item">
        <div class="product-item-flags">
        </div>
        <div class="product-item-image">
                <a data-href="/hotova-jidla?productWidget-widgetCarousel-6-id=11204&amp;do=productWidget-widgetCarousel-6-modal"
                   data-target="productWidget-widgetCarousel-6-productModal"
                   data-product-id="11204"
                   data-product-price="44.9"
                   data-page-title="Dobroty babičky Kláry Bramborové knedlíky s uzeným masem 320g"
                   data-page-path="/produkt/11204-dobroty-babicky-klary-bramborove-knedliky-s-uzenym-masem-320g"
                   data-user-id=""
                   aria-hidden="true"
                   data-kosikmodal-onclose="onProductModalDestroy"
                   onclick="kosikAjax.click(this, initModalCarousel(this))">
                    <img src="https://cdn.kosik.cz/content/product/jpg/list/placeholder.jpg" data-src="https://cdn.kosik.cz/content/product/jpg/list/28738.jpg" alt="Dobroty babičky Kláry Bramborové knedlíky s uzeným masem 320g" class="loading-images loading-image">
                </a>




        </div>
                <div class="product-item-info">
                <h5><a href="javascript:void(0)" aria-label="Dobroty babičky Kláry Bramborové knedlíky s uzeným masem 320g" data-href="/hotova-jidla?productWidget-widgetCarousel-6-id=11204&amp;do=productWidget-widgetCarousel-6-modal" class="product-name modal-link"
                   data-target="productWidget-widgetCarousel-6-productModal" onclick="kosikAjax.click(this, initModalCarousel(this))">
                    Dobroty babičky Kláry Bramborové knedlíky s uzeným masem 320g
                    
                </a></h5>
            <p class="product-item-price ">
                <span class="price-before-discount">
				</span>
                <strong class="price">44,90 Kč</strong>

            </p>
            <p class="product-item-unit">
                    (<strong class="price">140,30 Kč</strong> / kg)
            </p>
                        <div class="product-list-rating">
            </div>
<div id="snippet-productWidget-widgetCarousel-6-buy-11204-quantity">        <div class="product-quantity-control">
            <form action="/hotova-jidla" method="post" class="ajax" id="frm-productWidget-widgetCarousel-6-buy-11204-quantityForm">
                <input type="text" name="quantity" size="3" id="frm-productWidget-widgetCarousel-6-buy-11204-quantityForm-quantity" data-nette-rules='[{"op":":integer","msg":"Množství musí být číslo."}]' value="1" aria-label="počet k přidání">
                <input type="submit" name="_submit" value="Přidat" class="product-quantity-control-submit plus" aria-label="přidat počet do košíku">
            <input type="hidden" name="do" value="productWidget-widgetCarousel-6-buy-11204-quantityForm-submit"><!--[if IE]><input type=IEbug disabled style="display:none"><![endif]-->
</form>

        </div>
</div>
                <p class="product-incart-info accessible">Produkt nemáte v košíku</p>


        </div>

        
    </div>
    <div id="product-append-11210" class="product-item">
        <div class="product-item-flags">
        </div>
        <div class="product-item-image">
                <a data-href="/hotova-jidla?productWidget-widgetCarousel-6-id=11210&amp;do=productWidget-widgetCarousel-6-modal"
                   data-target="productWidget-widgetCarousel-6-productModal"
                   data-product-id="11210"
                   data-product-price="44.9"
                   data-page-title="Dobroty babičky Kláry Tvarohové knedlíky jahodové 320g"
                   data-page-path="/produkt/11210-dobroty-babicky-klary-tvarohove-knedliky-jahodove-320g"
                   data-user-id=""
                   aria-hidden="true"
                   data-kosikmodal-onclose="onProductModalDestroy"
                   onclick="kosikAjax.click(this, initModalCarousel(this))">
                    <img src="https://cdn.kosik.cz/content/product/jpg/list/placeholder.jpg" data-src="https://cdn.kosik.cz/content/product/jpg/list/28742.jpg" alt="Dobroty babičky Kláry Tvarohové knedlíky jahodové 320g" class="loading-images loading-image">
                </a>




        </div>
                <div class="product-item-info">
                <h5><a href="javascript:void(0)" aria-label="Dobroty babičky Kláry Tvarohové knedlíky jahodové 320g" data-href="/hotova-jidla?productWidget-widgetCarousel-6-id=11210&amp;do=productWidget-widgetCarousel-6-modal" class="product-name modal-link"
                   data-target="productWidget-widgetCarousel-6-productModal" onclick="kosikAjax.click(this, initModalCarousel(this))">
                    Dobroty babičky Kláry Tvarohové knedlíky jahodové 320g
                    
                </a></h5>
            <p class="product-item-price ">
                <span class="price-before-discount">
				</span>
                <strong class="price">44,90 Kč</strong>

            </p>
            <p class="product-item-unit">
                    (<strong class="price">140,30 Kč</strong> / kg)
            </p>
                        <div class="product-list-rating">
            </div>
<div id="snippet-productWidget-widgetCarousel-6-buy-11210-quantity">        <div class="product-quantity-control">
            <form action="/hotova-jidla" method="post" class="ajax" id="frm-productWidget-widgetCarousel-6-buy-11210-quantityForm">
                <input type="text" name="quantity" size="3" id="frm-productWidget-widgetCarousel-6-buy-11210-quantityForm-quantity" data-nette-rules='[{"op":":integer","msg":"Množství musí být číslo."}]' value="1" aria-label="počet k přidání">
                <input type="submit" name="_submit" value="Přidat" class="product-quantity-control-submit plus" aria-label="přidat počet do košíku">
            <input type="hidden" name="do" value="productWidget-widgetCarousel-6-buy-11210-quantityForm-submit"><!--[if IE]><input type=IEbug disabled style="display:none"><![endif]-->
</form>

        </div>
</div>
                <p class="product-incart-info accessible">Produkt nemáte v košíku</p>


        </div>

        
    </div>
    <div id="product-append-11211" class="product-item">
        <div class="product-item-flags">
        </div>
        <div class="product-item-image">
                <a data-href="/hotova-jidla?productWidget-widgetCarousel-6-id=11211&amp;do=productWidget-widgetCarousel-6-modal"
                   data-target="productWidget-widgetCarousel-6-productModal"
                   data-product-id="11211"
                   data-product-price="44.9"
                   data-page-title="Dobroty babičky Kláry Tvarohové knedlíky borůvkové 320g"
                   data-page-path="/produkt/11211-dobroty-babicky-klary-tvarohove-knedliky-boruvkove-320g"
                   data-user-id=""
                   aria-hidden="true"
                   data-kosikmodal-onclose="onProductModalDestroy"
                   onclick="kosikAjax.click(this, initModalCarousel(this))">
                    <img src="https://cdn.kosik.cz/content/product/jpg/list/placeholder.jpg" data-src="https://cdn.kosik.cz/content/product/jpg/list/28743.jpg" alt="Dobroty babičky Kláry Tvarohové knedlíky borůvkové 320g" class="loading-images loading-image">
                </a>




        </div>
                <div class="product-item-info">
                <h5><a href="javascript:void(0)" aria-label="Dobroty babičky Kláry Tvarohové knedlíky borůvkové 320g" data-href="/hotova-jidla?productWidget-widgetCarousel-6-id=11211&amp;do=productWidget-widgetCarousel-6-modal" class="product-name modal-link"
                   data-target="productWidget-widgetCarousel-6-productModal" onclick="kosikAjax.click(this, initModalCarousel(this))">
                    Dobroty babičky Kláry Tvarohové knedlíky borůvkové 320g
                    
                </a></h5>
            <p class="product-item-price ">
                <span class="price-before-discount">
				</span>
                <strong class="price">44,90 Kč</strong>

            </p>
            <p class="product-item-unit">
                    (<strong class="price">140,30 Kč</strong> / kg)
            </p>
                        <div class="product-list-rating">
            </div>
<div id="snippet-productWidget-widgetCarousel-6-buy-11211-quantity">        <div class="product-quantity-control">
            <form action="/hotova-jidla" method="post" class="ajax" id="frm-productWidget-widgetCarousel-6-buy-11211-quantityForm">
                <input type="text" name="quantity" size="3" id="frm-productWidget-widgetCarousel-6-buy-11211-quantityForm-quantity" data-nette-rules='[{"op":":integer","msg":"Množství musí být číslo."}]' value="1" aria-label="počet k přidání">
                <input type="submit" name="_submit" value="Přidat" class="product-quantity-control-submit plus" aria-label="přidat počet do košíku">
            <input type="hidden" name="do" value="productWidget-widgetCarousel-6-buy-11211-quantityForm-submit"><!--[if IE]><input type=IEbug disabled style="display:none"><![endif]-->
</form>

        </div>
</div>
                <p class="product-incart-info accessible">Produkt nemáte v košíku</p>


        </div>

        
    </div>
    <div id="product-append-2287" class="product-item">
        <div class="product-item-flags">
        </div>
        <div class="product-item-image">
                <a data-href="/hotova-jidla?productWidget-widgetCarousel-6-id=2287&amp;do=productWidget-widgetCarousel-6-modal"
                   data-target="productWidget-widgetCarousel-6-productModal"
                   data-product-id="2287"
                   data-product-price="82.9"
                   data-page-title="Don Peppe Jahodové knedlíky 680 g"
                   data-page-path="/produkt/2287-don-peppe-jahodove-knedliky-680-g"
                   data-user-id=""
                   aria-hidden="true"
                   data-kosikmodal-onclose="onProductModalDestroy"
                   onclick="kosikAjax.click(this, initModalCarousel(this))">
                    <img src="https://cdn.kosik.cz/content/product/jpg/list/placeholder.jpg" data-src="https://cdn.kosik.cz/content/product/jpg/list/2379.jpg" alt="Don Peppe Jahodové knedlíky 680 g" class="loading-images loading-image">
                </a>




        </div>
                <div class="product-item-info">
                <h5><a href="javascript:void(0)" aria-label="Don Peppe Jahodové knedlíky 680 g" data-href="/hotova-jidla?productWidget-widgetCarousel-6-id=2287&amp;do=productWidget-widgetCarousel-6-modal" class="product-name modal-link"
                   data-target="productWidget-widgetCarousel-6-productModal" onclick="kosikAjax.click(this, initModalCarousel(this))">
                    Don Peppe Jahodové knedlíky 680 g
                    
                </a></h5>
            <p class="product-item-price ">
                <span class="price-before-discount">
				</span>
                <strong class="price">82,90 Kč</strong>

            </p>
            <p class="product-item-unit">
                    (<strong class="price">121,90 Kč</strong> / kg)
            </p>
                        <div class="product-list-rating">
            </div>
<div id="snippet-productWidget-widgetCarousel-6-buy-2287-quantity">        <div class="product-quantity-control">
            <form action="/hotova-jidla" method="post" class="ajax" id="frm-productWidget-widgetCarousel-6-buy-2287-quantityForm">
                <input type="text" name="quantity" size="3" id="frm-productWidget-widgetCarousel-6-buy-2287-quantityForm-quantity" data-nette-rules='[{"op":":integer","msg":"Množství musí být číslo."}]' value="1" aria-label="počet k přidání">
                <input type="submit" name="_submit" value="Přidat" class="product-quantity-control-submit plus" aria-label="přidat počet do košíku">
            <input type="hidden" name="do" value="productWidget-widgetCarousel-6-buy-2287-quantityForm-submit"><!--[if IE]><input type=IEbug disabled style="display:none"><![endif]-->
</form>

        </div>
</div>
                <p class="product-incart-info accessible">Produkt nemáte v košíku</p>


        </div>

        
    </div>
    <div id="product-append-27695" class="product-item">
        <div class="product-item-flags">
        </div>
        <div class="product-item-image">
                <a data-href="/hotova-jidla?productWidget-widgetCarousel-6-id=27695&amp;do=productWidget-widgetCarousel-6-modal"
                   data-target="productWidget-widgetCarousel-6-productModal"
                   data-product-id="27695"
                   data-product-price="42.5"
                   data-page-title="Dobroty Babičky Kláry Bramborové šišky s mákem 300g"
                   data-page-path="/produkt/27695-dobroty-babicky-klary-bramborove-sisky-s-makem-300g"
                   data-user-id=""
                   aria-hidden="true"
                   data-kosikmodal-onclose="onProductModalDestroy"
                   onclick="kosikAjax.click(this, initModalCarousel(this))">
                    <img src="https://cdn.kosik.cz/content/product/jpg/list/placeholder.jpg" data-src="https://cdn.kosik.cz/content/product/jpg/list/44985.jpg" alt="Dobroty Babičky Kláry Bramborové šišky s mákem 300g" class="loading-images loading-image">
                </a>




        </div>
                <div class="product-item-info">
                <h5><a href="javascript:void(0)" aria-label="Dobroty Babičky Kláry Bramborové šišky s mákem 300g" data-href="/hotova-jidla?productWidget-widgetCarousel-6-id=27695&amp;do=productWidget-widgetCarousel-6-modal" class="product-name modal-link"
                   data-target="productWidget-widgetCarousel-6-productModal" onclick="kosikAjax.click(this, initModalCarousel(this))">
                    Dobroty Babičky Kláry Bramborové šišky s mákem 300g
                    
                </a></h5>
            <p class="product-item-price ">
                <span class="price-before-discount">
				</span>
                <strong class="price">42,50 Kč</strong>

            </p>
            <p class="product-item-unit">
                    (<strong class="price">141,70 Kč</strong> / kg)
            </p>
                        <div class="product-list-rating">
            </div>
<div id="snippet-productWidget-widgetCarousel-6-buy-27695-quantity">        <div class="product-quantity-control">
            <form action="/hotova-jidla" method="post" class="ajax" id="frm-productWidget-widgetCarousel-6-buy-27695-quantityForm">
                <input type="text" name="quantity" size="3" id="frm-productWidget-widgetCarousel-6-buy-27695-quantityForm-quantity" data-nette-rules='[{"op":":integer","msg":"Množství musí být číslo."}]' value="1" aria-label="počet k přidání">
                <input type="submit" name="_submit" value="Přidat" class="product-quantity-control-submit plus" aria-label="přidat počet do košíku">
            <input type="hidden" name="do" value="productWidget-widgetCarousel-6-buy-27695-quantityForm-submit"><!--[if IE]><input type=IEbug disabled style="display:none"><![endif]-->
</form>

        </div>
</div>
                <p class="product-incart-info accessible">Produkt nemáte v košíku</p>


        </div>

        
    </div>
    <div id="product-append-29791" class="product-item">
        <div class="product-item-flags">
        </div>
        <div class="product-item-image">
                <a data-href="/hotova-jidla?productWidget-widgetCarousel-6-id=29791&amp;do=productWidget-widgetCarousel-6-modal"
                   data-target="productWidget-widgetCarousel-6-productModal"
                   data-product-id="29791"
                   data-product-price="39.9"
                   data-page-title="Faho Bramborové šišky 300g"
                   data-page-path="/produkt/29791-faho-bramborove-sisky-300g"
                   data-user-id=""
                   aria-hidden="true"
                   data-kosikmodal-onclose="onProductModalDestroy"
                   onclick="kosikAjax.click(this, initModalCarousel(this))">
                    <img src="https://cdn.kosik.cz/content/product/jpg/list/placeholder.jpg" data-src="https://cdn.kosik.cz/content/product/jpg/list/47179.jpg" alt="Faho Bramborové šišky 300g" class="loading-images loading-image">
                </a>




        </div>
                <div class="product-item-info">
                <h5><a href="javascript:void(0)" aria-label="Faho Bramborové šišky 300g" data-href="/hotova-jidla?productWidget-widgetCarousel-6-id=29791&amp;do=productWidget-widgetCarousel-6-modal" class="product-name modal-link"
                   data-target="productWidget-widgetCarousel-6-productModal" onclick="kosikAjax.click(this, initModalCarousel(this))">
                    Faho Bramborové šišky 300g
                    
                </a></h5>
            <p class="product-item-price ">
                <span class="price-before-discount">
				</span>
                <strong class="price">39,90 Kč</strong>

            </p>
            <p class="product-item-unit">
                    (<strong class="price">133,00 Kč</strong> / kg)
            </p>
                        <div class="product-list-rating">
            </div>
<div id="snippet-productWidget-widgetCarousel-6-buy-29791-quantity">        <div class="product-quantity-control">
            <form action="/hotova-jidla" method="post" class="ajax" id="frm-productWidget-widgetCarousel-6-buy-29791-quantityForm">
                <input type="text" name="quantity" size="3" id="frm-productWidget-widgetCarousel-6-buy-29791-quantityForm-quantity" data-nette-rules='[{"op":":integer","msg":"Množství musí být číslo."}]' value="1" aria-label="počet k přidání">
                <input type="submit" name="_submit" value="Přidat" class="product-quantity-control-submit plus" aria-label="přidat počet do košíku">
            <input type="hidden" name="do" value="productWidget-widgetCarousel-6-buy-29791-quantityForm-submit"><!--[if IE]><input type=IEbug disabled style="display:none"><![endif]-->
</form>

        </div>
</div>
                <p class="product-incart-info accessible">Produkt nemáte v košíku</p>


        </div>

        
    </div>
    <div id="product-append-29792" class="product-item">
        <div class="product-item-flags">
        </div>
        <div class="product-item-image">
                <a data-href="/hotova-jidla?productWidget-widgetCarousel-6-id=29792&amp;do=productWidget-widgetCarousel-6-modal"
                   data-target="productWidget-widgetCarousel-6-productModal"
                   data-product-id="29792"
                   data-product-price="54.9"
                   data-page-title="Faho Knedlíky bramborové plněné uzeným masem 300g"
                   data-page-path="/produkt/29792-faho-knedliky-bramborove-plnene-uzenym-masem-300g"
                   data-user-id=""
                   aria-hidden="true"
                   data-kosikmodal-onclose="onProductModalDestroy"
                   onclick="kosikAjax.click(this, initModalCarousel(this))">
                    <img src="https://cdn.kosik.cz/content/product/jpg/list/placeholder.jpg" data-src="https://cdn.kosik.cz/content/product/jpg/list/47180.jpg" alt="Faho Knedlíky bramborové plněné uzeným masem 300g" class="loading-images loading-image">
                </a>




        </div>
                <div class="product-item-info">
                <h5><a href="javascript:void(0)" aria-label="Faho Knedlíky bramborové plněné uzeným masem 300g" data-href="/hotova-jidla?productWidget-widgetCarousel-6-id=29792&amp;do=productWidget-widgetCarousel-6-modal" class="product-name modal-link"
                   data-target="productWidget-widgetCarousel-6-productModal" onclick="kosikAjax.click(this, initModalCarousel(this))">
                    Faho Knedlíky bramborové plněné uzeným masem 300g
                    
                </a></h5>
            <p class="product-item-price ">
                <span class="price-before-discount">
				</span>
                <strong class="price">54,90 Kč</strong>

            </p>
            <p class="product-item-unit">
                    (<strong class="price">183,00 Kč</strong> / kg)
            </p>
                        <div class="product-list-rating">
            </div>
<div id="snippet-productWidget-widgetCarousel-6-buy-29792-quantity">        <div class="product-quantity-control">
            <form action="/hotova-jidla" method="post" class="ajax" id="frm-productWidget-widgetCarousel-6-buy-29792-quantityForm">
                <input type="text" name="quantity" size="3" id="frm-productWidget-widgetCarousel-6-buy-29792-quantityForm-quantity" data-nette-rules='[{"op":":integer","msg":"Množství musí být číslo."}]' value="1" aria-label="počet k přidání">
                <input type="submit" name="_submit" value="Přidat" class="product-quantity-control-submit plus" aria-label="přidat počet do košíku">
            <input type="hidden" name="do" value="productWidget-widgetCarousel-6-buy-29792-quantityForm-submit"><!--[if IE]><input type=IEbug disabled style="display:none"><![endif]-->
</form>

        </div>
</div>
                <p class="product-incart-info accessible">Produkt nemáte v košíku</p>


        </div>

        
    </div>
    <div id="product-append-29793" class="product-item">
        <div class="product-item-flags">
        </div>
        <div class="product-item-image">
                <a data-href="/hotova-jidla?productWidget-widgetCarousel-6-id=29793&amp;do=productWidget-widgetCarousel-6-modal"
                   data-target="productWidget-widgetCarousel-6-productModal"
                   data-product-id="29793"
                   data-product-price="44.9"
                   data-page-title="Faho Halušky 300g"
                   data-page-path="/produkt/29793-faho-halusky-300g"
                   data-user-id=""
                   aria-hidden="true"
                   data-kosikmodal-onclose="onProductModalDestroy"
                   onclick="kosikAjax.click(this, initModalCarousel(this))">
                    <img src="https://cdn.kosik.cz/content/product/jpg/list/placeholder.jpg" data-src="https://cdn.kosik.cz/content/product/jpg/list/47181.jpg" alt="Faho Halušky 300g" class="loading-images loading-image">
                </a>




        </div>
                <div class="product-item-info">
                <h5><a href="javascript:void(0)" aria-label="Faho Halušky 300g" data-href="/hotova-jidla?productWidget-widgetCarousel-6-id=29793&amp;do=productWidget-widgetCarousel-6-modal" class="product-name modal-link"
                   data-target="productWidget-widgetCarousel-6-productModal" onclick="kosikAjax.click(this, initModalCarousel(this))">
                    Faho Halušky 300g
                    
                </a></h5>
            <p class="product-item-price ">
                <span class="price-before-discount">
				</span>
                <strong class="price">44,90 Kč</strong>

            </p>
            <p class="product-item-unit">
                    (<strong class="price">149,70 Kč</strong> / kg)
            </p>
                        <div class="product-list-rating">
            </div>
<div id="snippet-productWidget-widgetCarousel-6-buy-29793-quantity">        <div class="product-quantity-control">
            <form action="/hotova-jidla" method="post" class="ajax" id="frm-productWidget-widgetCarousel-6-buy-29793-quantityForm">
                <input type="text" name="quantity" size="3" id="frm-productWidget-widgetCarousel-6-buy-29793-quantityForm-quantity" data-nette-rules='[{"op":":integer","msg":"Množství musí být číslo."}]' value="1" aria-label="počet k přidání">
                <input type="submit" name="_submit" value="Přidat" class="product-quantity-control-submit plus" aria-label="přidat počet do košíku">
            <input type="hidden" name="do" value="productWidget-widgetCarousel-6-buy-29793-quantityForm-submit"><!--[if IE]><input type=IEbug disabled style="display:none"><![endif]-->
</form>

        </div>
</div>
                <p class="product-incart-info accessible">Produkt nemáte v košíku</p>


        </div>

        
    </div>
    <div id="product-append-29794" class="product-item">
        <div class="product-item-flags">
        </div>
        <div class="product-item-image">
                <a data-href="/hotova-jidla?productWidget-widgetCarousel-6-id=29794&amp;do=productWidget-widgetCarousel-6-modal"
                   data-target="productWidget-widgetCarousel-6-productModal"
                   data-product-id="29794"
                   data-product-price="69.9"
                   data-page-title="Faho Knedlíky kynuté jahodové chlazené (6ks) 550g"
                   data-page-path="/produkt/29794-faho-knedliky-kynute-jahodove-chlazene-6ks-550g"
                   data-user-id=""
                   aria-hidden="true"
                   data-kosikmodal-onclose="onProductModalDestroy"
                   onclick="kosikAjax.click(this, initModalCarousel(this))">
                    <img src="https://cdn.kosik.cz/content/product/jpg/list/placeholder.jpg" data-src="https://cdn.kosik.cz/content/product/jpg/list/47182.jpg" alt="Faho Knedlíky kynuté jahodové chlazené (6ks) 550g" class="loading-images loading-image">
                </a>




        </div>
                <div class="product-item-info">
                <h5><a href="javascript:void(0)" aria-label="Faho Knedlíky kynuté jahodové chlazené (6ks) 550g" data-href="/hotova-jidla?productWidget-widgetCarousel-6-id=29794&amp;do=productWidget-widgetCarousel-6-modal" class="product-name modal-link"
                   data-target="productWidget-widgetCarousel-6-productModal" onclick="kosikAjax.click(this, initModalCarousel(this))">
                    Faho Knedlíky kynuté jahodové chlazené (6ks) 550g
                    
                </a></h5>
            <p class="product-item-price ">
                <span class="price-before-discount">
				</span>
                <strong class="price">69,90 Kč</strong>

            </p>
            <p class="product-item-unit">
                    (<strong class="price">127,10 Kč</strong> / kg)
            </p>
                        <div class="product-list-rating">
            </div>
<div id="snippet-productWidget-widgetCarousel-6-buy-29794-quantity">        <div class="product-quantity-control">
            <form action="/hotova-jidla" method="post" class="ajax" id="frm-productWidget-widgetCarousel-6-buy-29794-quantityForm">
                <input type="text" name="quantity" size="3" id="frm-productWidget-widgetCarousel-6-buy-29794-quantityForm-quantity" data-nette-rules='[{"op":":integer","msg":"Množství musí být číslo."}]' value="1" aria-label="počet k přidání">
                <input type="submit" name="_submit" value="Přidat" class="product-quantity-control-submit plus" aria-label="přidat počet do košíku">
            <input type="hidden" name="do" value="productWidget-widgetCarousel-6-buy-29794-quantityForm-submit"><!--[if IE]><input type=IEbug disabled style="display:none"><![endif]-->
</form>

        </div>
</div>
                <p class="product-incart-info accessible">Produkt nemáte v košíku</p>


        </div>

        
    </div>
    <div id="product-append-29795" class="product-item">
        <div class="product-item-flags">
        </div>
        <div class="product-item-image">
                <a data-href="/hotova-jidla?productWidget-widgetCarousel-6-id=29795&amp;do=productWidget-widgetCarousel-6-modal"
                   data-target="productWidget-widgetCarousel-6-productModal"
                   data-product-id="29795"
                   data-product-price="69.9"
                   data-page-title="Faho Knedlíky kynuté meruňkové chlazené (6ks) 550g"
                   data-page-path="/produkt/29795-faho-knedliky-kynute-merunkove-chlazene-6ks-550g"
                   data-user-id=""
                   aria-hidden="true"
                   data-kosikmodal-onclose="onProductModalDestroy"
                   onclick="kosikAjax.click(this, initModalCarousel(this))">
                    <img src="https://cdn.kosik.cz/content/product/jpg/list/placeholder.jpg" data-src="https://cdn.kosik.cz/content/product/jpg/list/47183.jpg" alt="Faho Knedlíky kynuté meruňkové chlazené (6ks) 550g" class="loading-images loading-image">
                </a>




        </div>
                <div class="product-item-info">
                <h5><a href="javascript:void(0)" aria-label="Faho Knedlíky kynuté meruňkové chlazené (6ks) 550g" data-href="/hotova-jidla?productWidget-widgetCarousel-6-id=29795&amp;do=productWidget-widgetCarousel-6-modal" class="product-name modal-link"
                   data-target="productWidget-widgetCarousel-6-productModal" onclick="kosikAjax.click(this, initModalCarousel(this))">
                    Faho Knedlíky kynuté meruňkové chlazené (6ks) 550g
                    
                </a></h5>
            <p class="product-item-price ">
                <span class="price-before-discount">
				</span>
                <strong class="price">69,90 Kč</strong>

            </p>
            <p class="product-item-unit">
                    (<strong class="price">127,10 Kč</strong> / kg)
            </p>
                        <div class="product-list-rating">
                <span><ul class="rating"><li class="rating-children rating-1 up" data-rating="1"><i class="fa fa-star"></i></li><li class="rating-children rating-2 up" data-rating="2"><i class="fa fa-star"></i></li><li class="rating-children rating-3 up" data-rating="3"><i class="fa fa-star"></i></li><li class="rating-children rating-4 down" data-rating="4"><i class="fa fa-star"></i></li><li class="rating-children rating-5 down" data-rating="5"><i class="fa fa-star"></i></li></ul></span>
            </div>
<div id="snippet-productWidget-widgetCarousel-6-buy-29795-quantity">        <div class="product-quantity-control">
            <form action="/hotova-jidla" method="post" class="ajax" id="frm-productWidget-widgetCarousel-6-buy-29795-quantityForm">
                <input type="text" name="quantity" size="3" id="frm-productWidget-widgetCarousel-6-buy-29795-quantityForm-quantity" data-nette-rules='[{"op":":integer","msg":"Množství musí být číslo."}]' value="1" aria-label="počet k přidání">
                <input type="submit" name="_submit" value="Přidat" class="product-quantity-control-submit plus" aria-label="přidat počet do košíku">
            <input type="hidden" name="do" value="productWidget-widgetCarousel-6-buy-29795-quantityForm-submit"><!--[if IE]><input type=IEbug disabled style="display:none"><![endif]-->
</form>

        </div>
</div>
                <p class="product-incart-info accessible">Produkt nemáte v košíku</p>


        </div>

        
    </div>
    <div id="product-append-33541" class="product-item">
        <div class="product-item-flags">
        </div>
        <div class="product-item-image">
                <a data-href="/hotova-jidla?productWidget-widgetCarousel-6-id=33541&amp;do=productWidget-widgetCarousel-6-modal"
                   data-target="productWidget-widgetCarousel-6-productModal"
                   data-product-id="33541"
                   data-product-price="64.9"
                   data-page-title="Don Peppe Bramborové šišky se špenátem a uzeným masem 600 g"
                   data-page-path="/produkt/33541-don-peppe-bramborove-sisky-se-spenatem-a-uzenym-masem-600-g"
                   data-user-id=""
                   aria-hidden="true"
                   data-kosikmodal-onclose="onProductModalDestroy"
                   onclick="kosikAjax.click(this, initModalCarousel(this))">
                    <img src="https://cdn.kosik.cz/content/product/jpg/list/placeholder.jpg" data-src="https://cdn.kosik.cz/content/product/jpg/list/51022.jpg" alt="Don Peppe Bramborové šišky se špenátem a uzeným masem 600 g" class="loading-images loading-image">
                </a>




        </div>
                <div class="product-item-info">
                <h5><a href="javascript:void(0)" aria-label="Don Peppe Bramborové šišky se špenátem a uzeným masem 600 g" data-href="/hotova-jidla?productWidget-widgetCarousel-6-id=33541&amp;do=productWidget-widgetCarousel-6-modal" class="product-name modal-link"
                   data-target="productWidget-widgetCarousel-6-productModal" onclick="kosikAjax.click(this, initModalCarousel(this))">
                    Don Peppe Bramborové šišky se špenátem a uzeným masem 600 g
                    
                </a></h5>
            <p class="product-item-price ">
                <span class="price-before-discount">
				</span>
                <strong class="price">64,90 Kč</strong>

            </p>
            <p class="product-item-unit">
                    (<strong class="price">108,20 Kč</strong> / kg)
            </p>
                        <div class="product-list-rating">
            </div>
<div id="snippet-productWidget-widgetCarousel-6-buy-33541-quantity">        <div class="product-quantity-control">
            <form action="/hotova-jidla" method="post" class="ajax" id="frm-productWidget-widgetCarousel-6-buy-33541-quantityForm">
                <input type="text" name="quantity" size="3" id="frm-productWidget-widgetCarousel-6-buy-33541-quantityForm-quantity" data-nette-rules='[{"op":":integer","msg":"Množství musí být číslo."}]' value="1" aria-label="počet k přidání">
                <input type="submit" name="_submit" value="Přidat" class="product-quantity-control-submit plus" aria-label="přidat počet do košíku">
            <input type="hidden" name="do" value="productWidget-widgetCarousel-6-buy-33541-quantityForm-submit"><!--[if IE]><input type=IEbug disabled style="display:none"><![endif]-->
</form>

        </div>
</div>
                <p class="product-incart-info accessible">Produkt nemáte v košíku</p>


        </div>

        
    </div>
    <div id="product-append-35342" class="product-item">
        <div class="product-item-flags">
        </div>
        <div class="product-item-image">
                <a data-href="/hotova-jidla?productWidget-widgetCarousel-6-id=35342&amp;do=productWidget-widgetCarousel-6-modal"
                   data-target="productWidget-widgetCarousel-6-productModal"
                   data-product-id="35342"
                   data-product-price="24.9"
                   data-page-title="Dobrá kuchyně Bramborové knedlíky s uzeným masem 320g"
                   data-page-path="/produkt/35342-dobra-kuchyne-bramborove-knedliky-s-uzenym-masem-320g"
                   data-user-id=""
                   aria-hidden="true"
                   data-kosikmodal-onclose="onProductModalDestroy"
                   onclick="kosikAjax.click(this, initModalCarousel(this))">
                    <img src="https://cdn.kosik.cz/content/product/jpg/list/placeholder.jpg" data-src="https://cdn.kosik.cz/content/product/jpg/list/52858.jpg" alt="Dobrá kuchyně Bramborové knedlíky s uzeným masem 320g" class="loading-images loading-image">
                </a>




        </div>
                <div class="product-item-info">
                <h5><a href="javascript:void(0)" aria-label="Dobrá kuchyně Bramborové knedlíky s uzeným masem 320g" data-href="/hotova-jidla?productWidget-widgetCarousel-6-id=35342&amp;do=productWidget-widgetCarousel-6-modal" class="product-name modal-link"
                   data-target="productWidget-widgetCarousel-6-productModal" onclick="kosikAjax.click(this, initModalCarousel(this))">
                    Dobrá kuchyně Bramborové knedlíky s uzeným masem 320g
                    
                </a></h5>
            <p class="product-item-price ">
                <span class="price-before-discount">
				</span>
                <strong class="price">24,90 Kč</strong>

            </p>
            <p class="product-item-unit">
                    (<strong class="price">77,80 Kč</strong> / kg)
            </p>
                        <div class="product-list-rating">
            </div>
<div id="snippet-productWidget-widgetCarousel-6-buy-35342-quantity">        <div class="product-quantity-control">
            <form action="/hotova-jidla" method="post" class="ajax" id="frm-productWidget-widgetCarousel-6-buy-35342-quantityForm">
                <input type="text" name="quantity" size="3" id="frm-productWidget-widgetCarousel-6-buy-35342-quantityForm-quantity" data-nette-rules='[{"op":":integer","msg":"Množství musí být číslo."}]' value="1" aria-label="počet k přidání">
                <input type="submit" name="_submit" value="Přidat" class="product-quantity-control-submit plus" aria-label="přidat počet do košíku">
            <input type="hidden" name="do" value="productWidget-widgetCarousel-6-buy-35342-quantityForm-submit"><!--[if IE]><input type=IEbug disabled style="display:none"><![endif]-->
</form>

        </div>
</div>
                <p class="product-incart-info accessible">Produkt nemáte v košíku</p>


        </div>

        
    </div>
    <div id="product-append-35346" class="product-item">
        <div class="product-item-flags">
        </div>
        <div class="product-item-image">
                <a data-href="/hotova-jidla?productWidget-widgetCarousel-6-id=35346&amp;do=productWidget-widgetCarousel-6-modal"
                   data-target="productWidget-widgetCarousel-6-productModal"
                   data-product-id="35346"
                   data-product-price="24.9"
                   data-page-title="Dobrá kuchyně Tvarohové knedlíky jahodové 320g"
                   data-page-path="/produkt/35346-dobra-kuchyne-tvarohove-knedliky-jahodove-320g"
                   data-user-id=""
                   aria-hidden="true"
                   data-kosikmodal-onclose="onProductModalDestroy"
                   onclick="kosikAjax.click(this, initModalCarousel(this))">
                    <img src="https://cdn.kosik.cz/content/product/jpg/list/placeholder.jpg" data-src="https://cdn.kosik.cz/content/product/jpg/list/52862.jpg" alt="Dobrá kuchyně Tvarohové knedlíky jahodové 320g" class="loading-images loading-image">
                </a>




        </div>
                <div class="product-item-info">
                <h5><a href="javascript:void(0)" aria-label="Dobrá kuchyně Tvarohové knedlíky jahodové 320g" data-href="/hotova-jidla?productWidget-widgetCarousel-6-id=35346&amp;do=productWidget-widgetCarousel-6-modal" class="product-name modal-link"
                   data-target="productWidget-widgetCarousel-6-productModal" onclick="kosikAjax.click(this, initModalCarousel(this))">
                    Dobrá kuchyně Tvarohové knedlíky jahodové 320g
                    
                </a></h5>
            <p class="product-item-price ">
                <span class="price-before-discount">
				</span>
                <strong class="price">24,90 Kč</strong>

            </p>
            <p class="product-item-unit">
                    (<strong class="price">77,80 Kč</strong> / kg)
            </p>
                        <div class="product-list-rating">
            </div>
<div id="snippet-productWidget-widgetCarousel-6-buy-35346-quantity">        <div class="product-quantity-control">
            <form action="/hotova-jidla" method="post" class="ajax" id="frm-productWidget-widgetCarousel-6-buy-35346-quantityForm">
                <input type="text" name="quantity" size="3" id="frm-productWidget-widgetCarousel-6-buy-35346-quantityForm-quantity" data-nette-rules='[{"op":":integer","msg":"Množství musí být číslo."}]' value="1" aria-label="počet k přidání">
                <input type="submit" name="_submit" value="Přidat" class="product-quantity-control-submit plus" aria-label="přidat počet do košíku">
            <input type="hidden" name="do" value="productWidget-widgetCarousel-6-buy-35346-quantityForm-submit"><!--[if IE]><input type=IEbug disabled style="display:none"><![endif]-->
</form>

        </div>
</div>
                <p class="product-incart-info accessible">Produkt nemáte v košíku</p>


        </div>

        
    </div>
    <div id="product-append-35347" class="product-item">
        <div class="product-item-flags">
        </div>
        <div class="product-item-image">
                <a data-href="/hotova-jidla?productWidget-widgetCarousel-6-id=35347&amp;do=productWidget-widgetCarousel-6-modal"
                   data-target="productWidget-widgetCarousel-6-productModal"
                   data-product-id="35347"
                   data-product-price="24.9"
                   data-page-title="Dobrá kuchyně Tvarohové knedlíky boruvkové 320g"
                   data-page-path="/produkt/35347-dobra-kuchyne-tvarohove-knedliky-boruvkove-320g"
                   data-user-id=""
                   aria-hidden="true"
                   data-kosikmodal-onclose="onProductModalDestroy"
                   onclick="kosikAjax.click(this, initModalCarousel(this))">
                    <img src="https://cdn.kosik.cz/content/product/jpg/list/placeholder.jpg" data-src="https://cdn.kosik.cz/content/product/jpg/list/52863.jpg" alt="Dobrá kuchyně Tvarohové knedlíky boruvkové 320g" class="loading-images loading-image">
                </a>




        </div>
                <div class="product-item-info">
                <h5><a href="javascript:void(0)" aria-label="Dobrá kuchyně Tvarohové knedlíky boruvkové 320g" data-href="/hotova-jidla?productWidget-widgetCarousel-6-id=35347&amp;do=productWidget-widgetCarousel-6-modal" class="product-name modal-link"
                   data-target="productWidget-widgetCarousel-6-productModal" onclick="kosikAjax.click(this, initModalCarousel(this))">
                    Dobrá kuchyně Tvarohové knedlíky boruvkové 320g
                    
                </a></h5>
            <p class="product-item-price ">
                <span class="price-before-discount">
				</span>
                <strong class="price">24,90 Kč</strong>

            </p>
            <p class="product-item-unit">
                    (<strong class="price">77,80 Kč</strong> / kg)
            </p>
                        <div class="product-list-rating">
            </div>
<div id="snippet-productWidget-widgetCarousel-6-buy-35347-quantity">        <div class="product-quantity-control">
            <form action="/hotova-jidla" method="post" class="ajax" id="frm-productWidget-widgetCarousel-6-buy-35347-quantityForm">
                <input type="text" name="quantity" size="3" id="frm-productWidget-widgetCarousel-6-buy-35347-quantityForm-quantity" data-nette-rules='[{"op":":integer","msg":"Množství musí být číslo."}]' value="1" aria-label="počet k přidání">
                <input type="submit" name="_submit" value="Přidat" class="product-quantity-control-submit plus" aria-label="přidat počet do košíku">
            <input type="hidden" name="do" value="productWidget-widgetCarousel-6-buy-35347-quantityForm-submit"><!--[if IE]><input type=IEbug disabled style="display:none"><![endif]-->
</form>

        </div>
</div>
                <p class="product-incart-info accessible">Produkt nemáte v košíku</p>


        </div>

        
    </div>
    <div id="product-append-35350" class="product-item">
        <div class="product-item-flags">
        </div>
        <div class="product-item-image">
                <a data-href="/hotova-jidla?productWidget-widgetCarousel-6-id=35350&amp;do=productWidget-widgetCarousel-6-modal"
                   data-target="productWidget-widgetCarousel-6-productModal"
                   data-product-id="35350"
                   data-product-price="24.9"
                   data-page-title="Dobrá kuchyně Tvarohové knedlíky meruňkové 320g"
                   data-page-path="/produkt/35350-dobra-kuchyne-tvarohove-knedliky-merunkove-320g"
                   data-user-id=""
                   aria-hidden="true"
                   data-kosikmodal-onclose="onProductModalDestroy"
                   onclick="kosikAjax.click(this, initModalCarousel(this))">
                    <img src="https://cdn.kosik.cz/content/product/jpg/list/placeholder.jpg" data-src="https://cdn.kosik.cz/content/product/jpg/list/52866.jpg" alt="Dobrá kuchyně Tvarohové knedlíky meruňkové 320g" class="loading-images loading-image">
                </a>




        </div>
                <div class="product-item-info">
                <h5><a href="javascript:void(0)" aria-label="Dobrá kuchyně Tvarohové knedlíky meruňkové 320g" data-href="/hotova-jidla?productWidget-widgetCarousel-6-id=35350&amp;do=productWidget-widgetCarousel-6-modal" class="product-name modal-link"
                   data-target="productWidget-widgetCarousel-6-productModal" onclick="kosikAjax.click(this, initModalCarousel(this))">
                    Dobrá kuchyně Tvarohové knedlíky meruňkové 320g
                    
                </a></h5>
            <p class="product-item-price ">
                <span class="price-before-discount">
				</span>
                <strong class="price">24,90 Kč</strong>

            </p>
            <p class="product-item-unit">
                    (<strong class="price">77,80 Kč</strong> / kg)
            </p>
                        <div class="product-list-rating">
            </div>
<div id="snippet-productWidget-widgetCarousel-6-buy-35350-quantity">        <div class="product-quantity-control">
            <form action="/hotova-jidla" method="post" class="ajax" id="frm-productWidget-widgetCarousel-6-buy-35350-quantityForm">
                <input type="text" name="quantity" size="3" id="frm-productWidget-widgetCarousel-6-buy-35350-quantityForm-quantity" data-nette-rules='[{"op":":integer","msg":"Množství musí být číslo."}]' value="1" aria-label="počet k přidání">
                <input type="submit" name="_submit" value="Přidat" class="product-quantity-control-submit plus" aria-label="přidat počet do košíku">
            <input type="hidden" name="do" value="productWidget-widgetCarousel-6-buy-35350-quantityForm-submit"><!--[if IE]><input type=IEbug disabled style="display:none"><![endif]-->
</form>

        </div>
</div>
                <p class="product-incart-info accessible">Produkt nemáte v košíku</p>


        </div>

        
    </div>
    <div id="product-append-35351" class="product-item">
        <div class="product-item-flags">
        </div>
        <div class="product-item-image">
                <a data-href="/hotova-jidla?productWidget-widgetCarousel-6-id=35351&amp;do=productWidget-widgetCarousel-6-modal"
                   data-target="productWidget-widgetCarousel-6-productModal"
                   data-product-id="35351"
                   data-product-price="24.9"
                   data-page-title="Dobrá kuchyně Tvarohové knedlíky nugátové 320g"
                   data-page-path="/produkt/35351-dobra-kuchyne-tvarohove-knedliky-nugatove-320g"
                   data-user-id=""
                   aria-hidden="true"
                   data-kosikmodal-onclose="onProductModalDestroy"
                   onclick="kosikAjax.click(this, initModalCarousel(this))">
                    <img src="https://cdn.kosik.cz/content/product/jpg/list/placeholder.jpg" data-src="https://cdn.kosik.cz/content/product/jpg/list/52867.jpg" alt="Dobrá kuchyně Tvarohové knedlíky nugátové 320g" class="loading-images loading-image">
                </a>




        </div>
                <div class="product-item-info">
                <h5><a href="javascript:void(0)" aria-label="Dobrá kuchyně Tvarohové knedlíky nugátové 320g" data-href="/hotova-jidla?productWidget-widgetCarousel-6-id=35351&amp;do=productWidget-widgetCarousel-6-modal" class="product-name modal-link"
                   data-target="productWidget-widgetCarousel-6-productModal" onclick="kosikAjax.click(this, initModalCarousel(this))">
                    Dobrá kuchyně Tvarohové knedlíky nugátové 320g
                    
                </a></h5>
            <p class="product-item-price ">
                <span class="price-before-discount">
				</span>
                <strong class="price">24,90 Kč</strong>

            </p>
            <p class="product-item-unit">
                    (<strong class="price">77,80 Kč</strong> / kg)
            </p>
                        <div class="product-list-rating">
            </div>
<div id="snippet-productWidget-widgetCarousel-6-buy-35351-quantity">        <div class="product-quantity-control">
            <form action="/hotova-jidla" method="post" class="ajax" id="frm-productWidget-widgetCarousel-6-buy-35351-quantityForm">
                <input type="text" name="quantity" size="3" id="frm-productWidget-widgetCarousel-6-buy-35351-quantityForm-quantity" data-nette-rules='[{"op":":integer","msg":"Množství musí být číslo."}]' value="1" aria-label="počet k přidání">
                <input type="submit" name="_submit" value="Přidat" class="product-quantity-control-submit plus" aria-label="přidat počet do košíku">
            <input type="hidden" name="do" value="productWidget-widgetCarousel-6-buy-35351-quantityForm-submit"><!--[if IE]><input type=IEbug disabled style="display:none"><![endif]-->
</form>

        </div>
</div>
                <p class="product-incart-info accessible">Produkt nemáte v košíku</p>


        </div>

        
    </div>
</div>

<div class="kosik-modal-overlay product-modal" id="productWidget-widgetCarousel-6-productModal" role="dialog">
    <div class="kosik-modal-inner large super-scaled" id="snippet-productWidget-widgetCarousel-6-productModalArea">
    </div>
</div>


<div class="kosik-modal-overlay" id="productWidget-widgetCarousel-6-productSetModal" role="dialog">
    <div class="kosik-modal-inner large super-scaled" id="snippet-productWidget-widgetCarousel-6-productSetModalArea">
    </div>
</div>
			</div>
		</div>
		<div class="region region-carousel region-products no-aside product-widget">
			<div class="home-product-widget region-inner region-products-inner slick-carousel" data-open="3" data-close="4">
				<div class="block block-title">
					<h3>Sladké</h3>
				</div>
<script async>

    var onProductModalDestroy = function() {

    	var pageData = window.dataLayer[0];

        pageData["event"] = "ga.pageview";
        pageData["pagePath"] = window.location.pathname;
        pageData["pageTitle"] = window.document.title;

	    dataLayer.push(pageData);
    };
</script>
<div class="block block-product-items product-items" data-ajax-append="product-item" id="snippet-productWidget-widgetCarousel-7-productListArea">
    <div id="product-append-2285" class="product-item">
        <div class="product-item-flags">
        </div>
        <div class="product-item-image">
                <a data-href="/hotova-jidla?productWidget-widgetCarousel-7-id=2285&amp;do=productWidget-widgetCarousel-7-modal"
                   data-target="productWidget-widgetCarousel-7-productModal"
                   data-product-id="2285"
                   data-product-price="64.9"
                   data-page-title="Don Peppe Taštičky s tvarohem 500 g"
                   data-page-path="/produkt/2285-don-peppe-tasticky-s-tvarohem-500-g"
                   data-user-id=""
                   aria-hidden="true"
                   data-kosikmodal-onclose="onProductModalDestroy"
                   onclick="kosikAjax.click(this, initModalCarousel(this))">
                    <img src="https://cdn.kosik.cz/content/product/jpg/list/placeholder.jpg" data-src="https://cdn.kosik.cz/content/product/jpg/list/2377.jpg" alt="Don Peppe Taštičky s tvarohem 500 g" class="loading-images loading-image">
                </a>




        </div>
                <div class="product-item-info">
                <h5><a href="javascript:void(0)" aria-label="Don Peppe Taštičky s tvarohem 500 g" data-href="/hotova-jidla?productWidget-widgetCarousel-7-id=2285&amp;do=productWidget-widgetCarousel-7-modal" class="product-name modal-link"
                   data-target="productWidget-widgetCarousel-7-productModal" onclick="kosikAjax.click(this, initModalCarousel(this))">
                    Don Peppe Taštičky s tvarohem 500 g
                    
                </a></h5>
            <p class="product-item-price ">
                <span class="price-before-discount">
				</span>
                <strong class="price">64,90 Kč</strong>

            </p>
            <p class="product-item-unit">
                    (<strong class="price">129,80 Kč</strong> / kg)
            </p>
                        <div class="product-list-rating">
            </div>
<div id="snippet-productWidget-widgetCarousel-7-buy-2285-quantity">        <div class="product-quantity-control">
            <form action="/hotova-jidla" method="post" class="ajax" id="frm-productWidget-widgetCarousel-7-buy-2285-quantityForm">
                <input type="text" name="quantity" size="3" id="frm-productWidget-widgetCarousel-7-buy-2285-quantityForm-quantity" data-nette-rules='[{"op":":integer","msg":"Množství musí být číslo."}]' value="1" aria-label="počet k přidání">
                <input type="submit" name="_submit" value="Přidat" class="product-quantity-control-submit plus" aria-label="přidat počet do košíku">
            <input type="hidden" name="do" value="productWidget-widgetCarousel-7-buy-2285-quantityForm-submit"><!--[if IE]><input type=IEbug disabled style="display:none"><![endif]-->
</form>

        </div>
</div>
                <p class="product-incart-info accessible">Produkt nemáte v košíku</p>


        </div>

        
    </div>
    <div id="product-append-2287" class="product-item">
        <div class="product-item-flags">
        </div>
        <div class="product-item-image">
                <a data-href="/hotova-jidla?productWidget-widgetCarousel-7-id=2287&amp;do=productWidget-widgetCarousel-7-modal"
                   data-target="productWidget-widgetCarousel-7-productModal"
                   data-product-id="2287"
                   data-product-price="82.9"
                   data-page-title="Don Peppe Jahodové knedlíky 680 g"
                   data-page-path="/produkt/2287-don-peppe-jahodove-knedliky-680-g"
                   data-user-id=""
                   aria-hidden="true"
                   data-kosikmodal-onclose="onProductModalDestroy"
                   onclick="kosikAjax.click(this, initModalCarousel(this))">
                    <img src="https://cdn.kosik.cz/content/product/jpg/list/placeholder.jpg" data-src="https://cdn.kosik.cz/content/product/jpg/list/2379.jpg" alt="Don Peppe Jahodové knedlíky 680 g" class="loading-images loading-image">
                </a>




        </div>
                <div class="product-item-info">
                <h5><a href="javascript:void(0)" aria-label="Don Peppe Jahodové knedlíky 680 g" data-href="/hotova-jidla?productWidget-widgetCarousel-7-id=2287&amp;do=productWidget-widgetCarousel-7-modal" class="product-name modal-link"
                   data-target="productWidget-widgetCarousel-7-productModal" onclick="kosikAjax.click(this, initModalCarousel(this))">
                    Don Peppe Jahodové knedlíky 680 g
                    
                </a></h5>
            <p class="product-item-price ">
                <span class="price-before-discount">
				</span>
                <strong class="price">82,90 Kč</strong>

            </p>
            <p class="product-item-unit">
                    (<strong class="price">121,90 Kč</strong> / kg)
            </p>
                        <div class="product-list-rating">
            </div>
<div id="snippet-productWidget-widgetCarousel-7-buy-2287-quantity">        <div class="product-quantity-control">
            <form action="/hotova-jidla" method="post" class="ajax" id="frm-productWidget-widgetCarousel-7-buy-2287-quantityForm">
                <input type="text" name="quantity" size="3" id="frm-productWidget-widgetCarousel-7-buy-2287-quantityForm-quantity" data-nette-rules='[{"op":":integer","msg":"Množství musí být číslo."}]' value="1" aria-label="počet k přidání">
                <input type="submit" name="_submit" value="Přidat" class="product-quantity-control-submit plus" aria-label="přidat počet do košíku">
            <input type="hidden" name="do" value="productWidget-widgetCarousel-7-buy-2287-quantityForm-submit"><!--[if IE]><input type=IEbug disabled style="display:none"><![endif]-->
</form>

        </div>
</div>
                <p class="product-incart-info accessible">Produkt nemáte v košíku</p>


        </div>

        
    </div>
    <div id="product-append-11210" class="product-item">
        <div class="product-item-flags">
        </div>
        <div class="product-item-image">
                <a data-href="/hotova-jidla?productWidget-widgetCarousel-7-id=11210&amp;do=productWidget-widgetCarousel-7-modal"
                   data-target="productWidget-widgetCarousel-7-productModal"
                   data-product-id="11210"
                   data-product-price="44.9"
                   data-page-title="Dobroty babičky Kláry Tvarohové knedlíky jahodové 320g"
                   data-page-path="/produkt/11210-dobroty-babicky-klary-tvarohove-knedliky-jahodove-320g"
                   data-user-id=""
                   aria-hidden="true"
                   data-kosikmodal-onclose="onProductModalDestroy"
                   onclick="kosikAjax.click(this, initModalCarousel(this))">
                    <img src="https://cdn.kosik.cz/content/product/jpg/list/placeholder.jpg" data-src="https://cdn.kosik.cz/content/product/jpg/list/28742.jpg" alt="Dobroty babičky Kláry Tvarohové knedlíky jahodové 320g" class="loading-images loading-image">
                </a>




        </div>
                <div class="product-item-info">
                <h5><a href="javascript:void(0)" aria-label="Dobroty babičky Kláry Tvarohové knedlíky jahodové 320g" data-href="/hotova-jidla?productWidget-widgetCarousel-7-id=11210&amp;do=productWidget-widgetCarousel-7-modal" class="product-name modal-link"
                   data-target="productWidget-widgetCarousel-7-productModal" onclick="kosikAjax.click(this, initModalCarousel(this))">
                    Dobroty babičky Kláry Tvarohové knedlíky jahodové 320g
                    
                </a></h5>
            <p class="product-item-price ">
                <span class="price-before-discount">
				</span>
                <strong class="price">44,90 Kč</strong>

            </p>
            <p class="product-item-unit">
                    (<strong class="price">140,30 Kč</strong> / kg)
            </p>
                        <div class="product-list-rating">
            </div>
<div id="snippet-productWidget-widgetCarousel-7-buy-11210-quantity">        <div class="product-quantity-control">
            <form action="/hotova-jidla" method="post" class="ajax" id="frm-productWidget-widgetCarousel-7-buy-11210-quantityForm">
                <input type="text" name="quantity" size="3" id="frm-productWidget-widgetCarousel-7-buy-11210-quantityForm-quantity" data-nette-rules='[{"op":":integer","msg":"Množství musí být číslo."}]' value="1" aria-label="počet k přidání">
                <input type="submit" name="_submit" value="Přidat" class="product-quantity-control-submit plus" aria-label="přidat počet do košíku">
            <input type="hidden" name="do" value="productWidget-widgetCarousel-7-buy-11210-quantityForm-submit"><!--[if IE]><input type=IEbug disabled style="display:none"><![endif]-->
</form>

        </div>
</div>
                <p class="product-incart-info accessible">Produkt nemáte v košíku</p>


        </div>

        
    </div>
    <div id="product-append-11211" class="product-item">
        <div class="product-item-flags">
        </div>
        <div class="product-item-image">
                <a data-href="/hotova-jidla?productWidget-widgetCarousel-7-id=11211&amp;do=productWidget-widgetCarousel-7-modal"
                   data-target="productWidget-widgetCarousel-7-productModal"
                   data-product-id="11211"
                   data-product-price="44.9"
                   data-page-title="Dobroty babičky Kláry Tvarohové knedlíky borůvkové 320g"
                   data-page-path="/produkt/11211-dobroty-babicky-klary-tvarohove-knedliky-boruvkove-320g"
                   data-user-id=""
                   aria-hidden="true"
                   data-kosikmodal-onclose="onProductModalDestroy"
                   onclick="kosikAjax.click(this, initModalCarousel(this))">
                    <img src="https://cdn.kosik.cz/content/product/jpg/list/placeholder.jpg" data-src="https://cdn.kosik.cz/content/product/jpg/list/28743.jpg" alt="Dobroty babičky Kláry Tvarohové knedlíky borůvkové 320g" class="loading-images loading-image">
                </a>




        </div>
                <div class="product-item-info">
                <h5><a href="javascript:void(0)" aria-label="Dobroty babičky Kláry Tvarohové knedlíky borůvkové 320g" data-href="/hotova-jidla?productWidget-widgetCarousel-7-id=11211&amp;do=productWidget-widgetCarousel-7-modal" class="product-name modal-link"
                   data-target="productWidget-widgetCarousel-7-productModal" onclick="kosikAjax.click(this, initModalCarousel(this))">
                    Dobroty babičky Kláry Tvarohové knedlíky borůvkové 320g
                    
                </a></h5>
            <p class="product-item-price ">
                <span class="price-before-discount">
				</span>
                <strong class="price">44,90 Kč</strong>

            </p>
            <p class="product-item-unit">
                    (<strong class="price">140,30 Kč</strong> / kg)
            </p>
                        <div class="product-list-rating">
            </div>
<div id="snippet-productWidget-widgetCarousel-7-buy-11211-quantity">        <div class="product-quantity-control">
            <form action="/hotova-jidla" method="post" class="ajax" id="frm-productWidget-widgetCarousel-7-buy-11211-quantityForm">
                <input type="text" name="quantity" size="3" id="frm-productWidget-widgetCarousel-7-buy-11211-quantityForm-quantity" data-nette-rules='[{"op":":integer","msg":"Množství musí být číslo."}]' value="1" aria-label="počet k přidání">
                <input type="submit" name="_submit" value="Přidat" class="product-quantity-control-submit plus" aria-label="přidat počet do košíku">
            <input type="hidden" name="do" value="productWidget-widgetCarousel-7-buy-11211-quantityForm-submit"><!--[if IE]><input type=IEbug disabled style="display:none"><![endif]-->
</form>

        </div>
</div>
                <p class="product-incart-info accessible">Produkt nemáte v košíku</p>


        </div>

        
    </div>
    <div id="product-append-27695" class="product-item">
        <div class="product-item-flags">
        </div>
        <div class="product-item-image">
                <a data-href="/hotova-jidla?productWidget-widgetCarousel-7-id=27695&amp;do=productWidget-widgetCarousel-7-modal"
                   data-target="productWidget-widgetCarousel-7-productModal"
                   data-product-id="27695"
                   data-product-price="42.5"
                   data-page-title="Dobroty Babičky Kláry Bramborové šišky s mákem 300g"
                   data-page-path="/produkt/27695-dobroty-babicky-klary-bramborove-sisky-s-makem-300g"
                   data-user-id=""
                   aria-hidden="true"
                   data-kosikmodal-onclose="onProductModalDestroy"
                   onclick="kosikAjax.click(this, initModalCarousel(this))">
                    <img src="https://cdn.kosik.cz/content/product/jpg/list/placeholder.jpg" data-src="https://cdn.kosik.cz/content/product/jpg/list/44985.jpg" alt="Dobroty Babičky Kláry Bramborové šišky s mákem 300g" class="loading-images loading-image">
                </a>




        </div>
                <div class="product-item-info">
                <h5><a href="javascript:void(0)" aria-label="Dobroty Babičky Kláry Bramborové šišky s mákem 300g" data-href="/hotova-jidla?productWidget-widgetCarousel-7-id=27695&amp;do=productWidget-widgetCarousel-7-modal" class="product-name modal-link"
                   data-target="productWidget-widgetCarousel-7-productModal" onclick="kosikAjax.click(this, initModalCarousel(this))">
                    Dobroty Babičky Kláry Bramborové šišky s mákem 300g
                    
                </a></h5>
            <p class="product-item-price ">
                <span class="price-before-discount">
				</span>
                <strong class="price">42,50 Kč</strong>

            </p>
            <p class="product-item-unit">
                    (<strong class="price">141,70 Kč</strong> / kg)
            </p>
                        <div class="product-list-rating">
            </div>
<div id="snippet-productWidget-widgetCarousel-7-buy-27695-quantity">        <div class="product-quantity-control">
            <form action="/hotova-jidla" method="post" class="ajax" id="frm-productWidget-widgetCarousel-7-buy-27695-quantityForm">
                <input type="text" name="quantity" size="3" id="frm-productWidget-widgetCarousel-7-buy-27695-quantityForm-quantity" data-nette-rules='[{"op":":integer","msg":"Množství musí být číslo."}]' value="1" aria-label="počet k přidání">
                <input type="submit" name="_submit" value="Přidat" class="product-quantity-control-submit plus" aria-label="přidat počet do košíku">
            <input type="hidden" name="do" value="productWidget-widgetCarousel-7-buy-27695-quantityForm-submit"><!--[if IE]><input type=IEbug disabled style="display:none"><![endif]-->
</form>

        </div>
</div>
                <p class="product-incart-info accessible">Produkt nemáte v košíku</p>


        </div>

        
    </div>
    <div id="product-append-29397" class="product-item">
        <div class="product-item-flags">
        </div>
        <div class="product-item-image">
                <a data-href="/hotova-jidla?productWidget-widgetCarousel-7-id=29397&amp;do=productWidget-widgetCarousel-7-modal"
                   data-target="productWidget-widgetCarousel-7-productModal"
                   data-product-id="29397"
                   data-product-price="26.9"
                   data-page-title="Beskyd Pečené řepánky s hruškovými povidly 140g"
                   data-page-path="/produkt/29397-beskyd-pecene-repanky-s-hruskovymi-povidly-140g"
                   data-user-id=""
                   aria-hidden="true"
                   data-kosikmodal-onclose="onProductModalDestroy"
                   onclick="kosikAjax.click(this, initModalCarousel(this))">
                    <img src="https://cdn.kosik.cz/content/product/jpg/list/placeholder.jpg" data-src="https://cdn.kosik.cz/content/product/jpg/list/46773.jpg" alt="Beskyd Pečené řepánky s hruškovými povidly 140g" class="loading-images loading-image">
                </a>




        </div>
                <div class="product-item-info">
                <h5><a href="javascript:void(0)" aria-label="Beskyd Pečené řepánky s hruškovými povidly 140g" data-href="/hotova-jidla?productWidget-widgetCarousel-7-id=29397&amp;do=productWidget-widgetCarousel-7-modal" class="product-name modal-link"
                   data-target="productWidget-widgetCarousel-7-productModal" onclick="kosikAjax.click(this, initModalCarousel(this))">
                    Beskyd Pečené řepánky s hruškovými povidly 140g
                    
                </a></h5>
            <p class="product-item-price ">
                <span class="price-before-discount">
				</span>
                <strong class="price">26,90 Kč</strong>

            </p>
            <p class="product-item-unit">
                    (<strong class="price">192,10 Kč</strong> / kg)
            </p>
                        <div class="product-list-rating">
                <span><ul class="rating"><li class="rating-children rating-1 up" data-rating="1"><i class="fa fa-star"></i></li><li class="rating-children rating-2 up" data-rating="2"><i class="fa fa-star"></i></li><li class="rating-children rating-3 up" data-rating="3"><i class="fa fa-star"></i></li><li class="rating-children rating-4 up" data-rating="4"><i class="fa fa-star"></i></li><li class="rating-children rating-5 down" data-rating="5"><i class="fa fa-star"></i></li></ul></span>
            </div>
<div id="snippet-productWidget-widgetCarousel-7-buy-29397-quantity">        <div class="product-quantity-control">
            <form action="/hotova-jidla" method="post" class="ajax" id="frm-productWidget-widgetCarousel-7-buy-29397-quantityForm">
                <input type="text" name="quantity" size="3" id="frm-productWidget-widgetCarousel-7-buy-29397-quantityForm-quantity" data-nette-rules='[{"op":":integer","msg":"Množství musí být číslo."}]' value="1" aria-label="počet k přidání">
                <input type="submit" name="_submit" value="Přidat" class="product-quantity-control-submit plus" aria-label="přidat počet do košíku">
            <input type="hidden" name="do" value="productWidget-widgetCarousel-7-buy-29397-quantityForm-submit"><!--[if IE]><input type=IEbug disabled style="display:none"><![endif]-->
</form>

        </div>
</div>
                <p class="product-incart-info accessible">Produkt nemáte v košíku</p>


        </div>

        
    </div>
    <div id="product-append-29794" class="product-item">
        <div class="product-item-flags">
        </div>
        <div class="product-item-image">
                <a data-href="/hotova-jidla?productWidget-widgetCarousel-7-id=29794&amp;do=productWidget-widgetCarousel-7-modal"
                   data-target="productWidget-widgetCarousel-7-productModal"
                   data-product-id="29794"
                   data-product-price="69.9"
                   data-page-title="Faho Knedlíky kynuté jahodové chlazené (6ks) 550g"
                   data-page-path="/produkt/29794-faho-knedliky-kynute-jahodove-chlazene-6ks-550g"
                   data-user-id=""
                   aria-hidden="true"
                   data-kosikmodal-onclose="onProductModalDestroy"
                   onclick="kosikAjax.click(this, initModalCarousel(this))">
                    <img src="https://cdn.kosik.cz/content/product/jpg/list/placeholder.jpg" data-src="https://cdn.kosik.cz/content/product/jpg/list/47182.jpg" alt="Faho Knedlíky kynuté jahodové chlazené (6ks) 550g" class="loading-images loading-image">
                </a>




        </div>
                <div class="product-item-info">
                <h5><a href="javascript:void(0)" aria-label="Faho Knedlíky kynuté jahodové chlazené (6ks) 550g" data-href="/hotova-jidla?productWidget-widgetCarousel-7-id=29794&amp;do=productWidget-widgetCarousel-7-modal" class="product-name modal-link"
                   data-target="productWidget-widgetCarousel-7-productModal" onclick="kosikAjax.click(this, initModalCarousel(this))">
                    Faho Knedlíky kynuté jahodové chlazené (6ks) 550g
                    
                </a></h5>
            <p class="product-item-price ">
                <span class="price-before-discount">
				</span>
                <strong class="price">69,90 Kč</strong>

            </p>
            <p class="product-item-unit">
                    (<strong class="price">127,10 Kč</strong> / kg)
            </p>
                        <div class="product-list-rating">
            </div>
<div id="snippet-productWidget-widgetCarousel-7-buy-29794-quantity">        <div class="product-quantity-control">
            <form action="/hotova-jidla" method="post" class="ajax" id="frm-productWidget-widgetCarousel-7-buy-29794-quantityForm">
                <input type="text" name="quantity" size="3" id="frm-productWidget-widgetCarousel-7-buy-29794-quantityForm-quantity" data-nette-rules='[{"op":":integer","msg":"Množství musí být číslo."}]' value="1" aria-label="počet k přidání">
                <input type="submit" name="_submit" value="Přidat" class="product-quantity-control-submit plus" aria-label="přidat počet do košíku">
            <input type="hidden" name="do" value="productWidget-widgetCarousel-7-buy-29794-quantityForm-submit"><!--[if IE]><input type=IEbug disabled style="display:none"><![endif]-->
</form>

        </div>
</div>
                <p class="product-incart-info accessible">Produkt nemáte v košíku</p>


        </div>

        
    </div>
    <div id="product-append-29795" class="product-item">
        <div class="product-item-flags">
        </div>
        <div class="product-item-image">
                <a data-href="/hotova-jidla?productWidget-widgetCarousel-7-id=29795&amp;do=productWidget-widgetCarousel-7-modal"
                   data-target="productWidget-widgetCarousel-7-productModal"
                   data-product-id="29795"
                   data-product-price="69.9"
                   data-page-title="Faho Knedlíky kynuté meruňkové chlazené (6ks) 550g"
                   data-page-path="/produkt/29795-faho-knedliky-kynute-merunkove-chlazene-6ks-550g"
                   data-user-id=""
                   aria-hidden="true"
                   data-kosikmodal-onclose="onProductModalDestroy"
                   onclick="kosikAjax.click(this, initModalCarousel(this))">
                    <img src="https://cdn.kosik.cz/content/product/jpg/list/placeholder.jpg" data-src="https://cdn.kosik.cz/content/product/jpg/list/47183.jpg" alt="Faho Knedlíky kynuté meruňkové chlazené (6ks) 550g" class="loading-images loading-image">
                </a>




        </div>
                <div class="product-item-info">
                <h5><a href="javascript:void(0)" aria-label="Faho Knedlíky kynuté meruňkové chlazené (6ks) 550g" data-href="/hotova-jidla?productWidget-widgetCarousel-7-id=29795&amp;do=productWidget-widgetCarousel-7-modal" class="product-name modal-link"
                   data-target="productWidget-widgetCarousel-7-productModal" onclick="kosikAjax.click(this, initModalCarousel(this))">
                    Faho Knedlíky kynuté meruňkové chlazené (6ks) 550g
                    
                </a></h5>
            <p class="product-item-price ">
                <span class="price-before-discount">
				</span>
                <strong class="price">69,90 Kč</strong>

            </p>
            <p class="product-item-unit">
                    (<strong class="price">127,10 Kč</strong> / kg)
            </p>
                        <div class="product-list-rating">
                <span><ul class="rating"><li class="rating-children rating-1 up" data-rating="1"><i class="fa fa-star"></i></li><li class="rating-children rating-2 up" data-rating="2"><i class="fa fa-star"></i></li><li class="rating-children rating-3 up" data-rating="3"><i class="fa fa-star"></i></li><li class="rating-children rating-4 down" data-rating="4"><i class="fa fa-star"></i></li><li class="rating-children rating-5 down" data-rating="5"><i class="fa fa-star"></i></li></ul></span>
            </div>
<div id="snippet-productWidget-widgetCarousel-7-buy-29795-quantity">        <div class="product-quantity-control">
            <form action="/hotova-jidla" method="post" class="ajax" id="frm-productWidget-widgetCarousel-7-buy-29795-quantityForm">
                <input type="text" name="quantity" size="3" id="frm-productWidget-widgetCarousel-7-buy-29795-quantityForm-quantity" data-nette-rules='[{"op":":integer","msg":"Množství musí být číslo."}]' value="1" aria-label="počet k přidání">
                <input type="submit" name="_submit" value="Přidat" class="product-quantity-control-submit plus" aria-label="přidat počet do košíku">
            <input type="hidden" name="do" value="productWidget-widgetCarousel-7-buy-29795-quantityForm-submit"><!--[if IE]><input type=IEbug disabled style="display:none"><![endif]-->
</form>

        </div>
</div>
                <p class="product-incart-info accessible">Produkt nemáte v košíku</p>


        </div>

        
    </div>
    <div id="product-append-29799" class="product-item">
        <div class="product-item-flags">
        </div>
        <div class="product-item-image">
                <a data-href="/hotova-jidla?productWidget-widgetCarousel-7-id=29799&amp;do=productWidget-widgetCarousel-7-modal"
                   data-target="productWidget-widgetCarousel-7-productModal"
                   data-product-id="29799"
                   data-product-price="39.9"
                   data-page-title="Faho Dukátové buchtičky 200g"
                   data-page-path="/produkt/29799-faho-dukatove-buchticky-200g"
                   data-user-id=""
                   aria-hidden="true"
                   data-kosikmodal-onclose="onProductModalDestroy"
                   onclick="kosikAjax.click(this, initModalCarousel(this))">
                    <img src="https://cdn.kosik.cz/content/product/jpg/list/placeholder.jpg" data-src="https://cdn.kosik.cz/content/product/jpg/list/47187.jpg" alt="Faho Dukátové buchtičky 200g" class="loading-images loading-image">
                </a>




        </div>
                <div class="product-item-info">
                <h5><a href="javascript:void(0)" aria-label="Faho Dukátové buchtičky 200g" data-href="/hotova-jidla?productWidget-widgetCarousel-7-id=29799&amp;do=productWidget-widgetCarousel-7-modal" class="product-name modal-link"
                   data-target="productWidget-widgetCarousel-7-productModal" onclick="kosikAjax.click(this, initModalCarousel(this))">
                    Faho Dukátové buchtičky 200g
                    
                </a></h5>
            <p class="product-item-price ">
                <span class="price-before-discount">
				</span>
                <strong class="price">39,90 Kč</strong>

            </p>
            <p class="product-item-unit">
                    (<strong class="price">199,50 Kč</strong> / kg)
            </p>
                        <div class="product-list-rating">
                <span><ul class="rating"><li class="rating-children rating-1 up" data-rating="1"><i class="fa fa-star"></i></li><li class="rating-children rating-2 down" data-rating="2"><i class="fa fa-star"></i></li><li class="rating-children rating-3 down" data-rating="3"><i class="fa fa-star"></i></li><li class="rating-children rating-4 down" data-rating="4"><i class="fa fa-star"></i></li><li class="rating-children rating-5 down" data-rating="5"><i class="fa fa-star"></i></li></ul></span>
            </div>
<div id="snippet-productWidget-widgetCarousel-7-buy-29799-quantity">        <div class="product-quantity-control">
            <form action="/hotova-jidla" method="post" class="ajax" id="frm-productWidget-widgetCarousel-7-buy-29799-quantityForm">
                <input type="text" name="quantity" size="3" id="frm-productWidget-widgetCarousel-7-buy-29799-quantityForm-quantity" data-nette-rules='[{"op":":integer","msg":"Množství musí být číslo."}]' value="1" aria-label="počet k přidání">
                <input type="submit" name="_submit" value="Přidat" class="product-quantity-control-submit plus" aria-label="přidat počet do košíku">
            <input type="hidden" name="do" value="productWidget-widgetCarousel-7-buy-29799-quantityForm-submit"><!--[if IE]><input type=IEbug disabled style="display:none"><![endif]-->
</form>

        </div>
</div>
                <p class="product-incart-info accessible">Produkt nemáte v košíku</p>


        </div>

        
    </div>
    <div id="product-append-35346" class="product-item">
        <div class="product-item-flags">
        </div>
        <div class="product-item-image">
                <a data-href="/hotova-jidla?productWidget-widgetCarousel-7-id=35346&amp;do=productWidget-widgetCarousel-7-modal"
                   data-target="productWidget-widgetCarousel-7-productModal"
                   data-product-id="35346"
                   data-product-price="24.9"
                   data-page-title="Dobrá kuchyně Tvarohové knedlíky jahodové 320g"
                   data-page-path="/produkt/35346-dobra-kuchyne-tvarohove-knedliky-jahodove-320g"
                   data-user-id=""
                   aria-hidden="true"
                   data-kosikmodal-onclose="onProductModalDestroy"
                   onclick="kosikAjax.click(this, initModalCarousel(this))">
                    <img src="https://cdn.kosik.cz/content/product/jpg/list/placeholder.jpg" data-src="https://cdn.kosik.cz/content/product/jpg/list/52862.jpg" alt="Dobrá kuchyně Tvarohové knedlíky jahodové 320g" class="loading-images loading-image">
                </a>




        </div>
                <div class="product-item-info">
                <h5><a href="javascript:void(0)" aria-label="Dobrá kuchyně Tvarohové knedlíky jahodové 320g" data-href="/hotova-jidla?productWidget-widgetCarousel-7-id=35346&amp;do=productWidget-widgetCarousel-7-modal" class="product-name modal-link"
                   data-target="productWidget-widgetCarousel-7-productModal" onclick="kosikAjax.click(this, initModalCarousel(this))">
                    Dobrá kuchyně Tvarohové knedlíky jahodové 320g
                    
                </a></h5>
            <p class="product-item-price ">
                <span class="price-before-discount">
				</span>
                <strong class="price">24,90 Kč</strong>

            </p>
            <p class="product-item-unit">
                    (<strong class="price">77,80 Kč</strong> / kg)
            </p>
                        <div class="product-list-rating">
            </div>
<div id="snippet-productWidget-widgetCarousel-7-buy-35346-quantity">        <div class="product-quantity-control">
            <form action="/hotova-jidla" method="post" class="ajax" id="frm-productWidget-widgetCarousel-7-buy-35346-quantityForm">
                <input type="text" name="quantity" size="3" id="frm-productWidget-widgetCarousel-7-buy-35346-quantityForm-quantity" data-nette-rules='[{"op":":integer","msg":"Množství musí být číslo."}]' value="1" aria-label="počet k přidání">
                <input type="submit" name="_submit" value="Přidat" class="product-quantity-control-submit plus" aria-label="přidat počet do košíku">
            <input type="hidden" name="do" value="productWidget-widgetCarousel-7-buy-35346-quantityForm-submit"><!--[if IE]><input type=IEbug disabled style="display:none"><![endif]-->
</form>

        </div>
</div>
                <p class="product-incart-info accessible">Produkt nemáte v košíku</p>


        </div>

        
    </div>
    <div id="product-append-35347" class="product-item">
        <div class="product-item-flags">
        </div>
        <div class="product-item-image">
                <a data-href="/hotova-jidla?productWidget-widgetCarousel-7-id=35347&amp;do=productWidget-widgetCarousel-7-modal"
                   data-target="productWidget-widgetCarousel-7-productModal"
                   data-product-id="35347"
                   data-product-price="24.9"
                   data-page-title="Dobrá kuchyně Tvarohové knedlíky boruvkové 320g"
                   data-page-path="/produkt/35347-dobra-kuchyne-tvarohove-knedliky-boruvkove-320g"
                   data-user-id=""
                   aria-hidden="true"
                   data-kosikmodal-onclose="onProductModalDestroy"
                   onclick="kosikAjax.click(this, initModalCarousel(this))">
                    <img src="https://cdn.kosik.cz/content/product/jpg/list/placeholder.jpg" data-src="https://cdn.kosik.cz/content/product/jpg/list/52863.jpg" alt="Dobrá kuchyně Tvarohové knedlíky boruvkové 320g" class="loading-images loading-image">
                </a>




        </div>
                <div class="product-item-info">
                <h5><a href="javascript:void(0)" aria-label="Dobrá kuchyně Tvarohové knedlíky boruvkové 320g" data-href="/hotova-jidla?productWidget-widgetCarousel-7-id=35347&amp;do=productWidget-widgetCarousel-7-modal" class="product-name modal-link"
                   data-target="productWidget-widgetCarousel-7-productModal" onclick="kosikAjax.click(this, initModalCarousel(this))">
                    Dobrá kuchyně Tvarohové knedlíky boruvkové 320g
                    
                </a></h5>
            <p class="product-item-price ">
                <span class="price-before-discount">
				</span>
                <strong class="price">24,90 Kč</strong>

            </p>
            <p class="product-item-unit">
                    (<strong class="price">77,80 Kč</strong> / kg)
            </p>
                        <div class="product-list-rating">
            </div>
<div id="snippet-productWidget-widgetCarousel-7-buy-35347-quantity">        <div class="product-quantity-control">
            <form action="/hotova-jidla" method="post" class="ajax" id="frm-productWidget-widgetCarousel-7-buy-35347-quantityForm">
                <input type="text" name="quantity" size="3" id="frm-productWidget-widgetCarousel-7-buy-35347-quantityForm-quantity" data-nette-rules='[{"op":":integer","msg":"Množství musí být číslo."}]' value="1" aria-label="počet k přidání">
                <input type="submit" name="_submit" value="Přidat" class="product-quantity-control-submit plus" aria-label="přidat počet do košíku">
            <input type="hidden" name="do" value="productWidget-widgetCarousel-7-buy-35347-quantityForm-submit"><!--[if IE]><input type=IEbug disabled style="display:none"><![endif]-->
</form>

        </div>
</div>
                <p class="product-incart-info accessible">Produkt nemáte v košíku</p>


        </div>

        
    </div>
    <div id="product-append-35350" class="product-item">
        <div class="product-item-flags">
        </div>
        <div class="product-item-image">
                <a data-href="/hotova-jidla?productWidget-widgetCarousel-7-id=35350&amp;do=productWidget-widgetCarousel-7-modal"
                   data-target="productWidget-widgetCarousel-7-productModal"
                   data-product-id="35350"
                   data-product-price="24.9"
                   data-page-title="Dobrá kuchyně Tvarohové knedlíky meruňkové 320g"
                   data-page-path="/produkt/35350-dobra-kuchyne-tvarohove-knedliky-merunkove-320g"
                   data-user-id=""
                   aria-hidden="true"
                   data-kosikmodal-onclose="onProductModalDestroy"
                   onclick="kosikAjax.click(this, initModalCarousel(this))">
                    <img src="https://cdn.kosik.cz/content/product/jpg/list/placeholder.jpg" data-src="https://cdn.kosik.cz/content/product/jpg/list/52866.jpg" alt="Dobrá kuchyně Tvarohové knedlíky meruňkové 320g" class="loading-images loading-image">
                </a>




        </div>
                <div class="product-item-info">
                <h5><a href="javascript:void(0)" aria-label="Dobrá kuchyně Tvarohové knedlíky meruňkové 320g" data-href="/hotova-jidla?productWidget-widgetCarousel-7-id=35350&amp;do=productWidget-widgetCarousel-7-modal" class="product-name modal-link"
                   data-target="productWidget-widgetCarousel-7-productModal" onclick="kosikAjax.click(this, initModalCarousel(this))">
                    Dobrá kuchyně Tvarohové knedlíky meruňkové 320g
                    
                </a></h5>
            <p class="product-item-price ">
                <span class="price-before-discount">
				</span>
                <strong class="price">24,90 Kč</strong>

            </p>
            <p class="product-item-unit">
                    (<strong class="price">77,80 Kč</strong> / kg)
            </p>
                        <div class="product-list-rating">
            </div>
<div id="snippet-productWidget-widgetCarousel-7-buy-35350-quantity">        <div class="product-quantity-control">
            <form action="/hotova-jidla" method="post" class="ajax" id="frm-productWidget-widgetCarousel-7-buy-35350-quantityForm">
                <input type="text" name="quantity" size="3" id="frm-productWidget-widgetCarousel-7-buy-35350-quantityForm-quantity" data-nette-rules='[{"op":":integer","msg":"Množství musí být číslo."}]' value="1" aria-label="počet k přidání">
                <input type="submit" name="_submit" value="Přidat" class="product-quantity-control-submit plus" aria-label="přidat počet do košíku">
            <input type="hidden" name="do" value="productWidget-widgetCarousel-7-buy-35350-quantityForm-submit"><!--[if IE]><input type=IEbug disabled style="display:none"><![endif]-->
</form>

        </div>
</div>
                <p class="product-incart-info accessible">Produkt nemáte v košíku</p>


        </div>

        
    </div>
    <div id="product-append-35351" class="product-item">
        <div class="product-item-flags">
        </div>
        <div class="product-item-image">
                <a data-href="/hotova-jidla?productWidget-widgetCarousel-7-id=35351&amp;do=productWidget-widgetCarousel-7-modal"
                   data-target="productWidget-widgetCarousel-7-productModal"
                   data-product-id="35351"
                   data-product-price="24.9"
                   data-page-title="Dobrá kuchyně Tvarohové knedlíky nugátové 320g"
                   data-page-path="/produkt/35351-dobra-kuchyne-tvarohove-knedliky-nugatove-320g"
                   data-user-id=""
                   aria-hidden="true"
                   data-kosikmodal-onclose="onProductModalDestroy"
                   onclick="kosikAjax.click(this, initModalCarousel(this))">
                    <img src="https://cdn.kosik.cz/content/product/jpg/list/placeholder.jpg" data-src="https://cdn.kosik.cz/content/product/jpg/list/52867.jpg" alt="Dobrá kuchyně Tvarohové knedlíky nugátové 320g" class="loading-images loading-image">
                </a>




        </div>
                <div class="product-item-info">
                <h5><a href="javascript:void(0)" aria-label="Dobrá kuchyně Tvarohové knedlíky nugátové 320g" data-href="/hotova-jidla?productWidget-widgetCarousel-7-id=35351&amp;do=productWidget-widgetCarousel-7-modal" class="product-name modal-link"
                   data-target="productWidget-widgetCarousel-7-productModal" onclick="kosikAjax.click(this, initModalCarousel(this))">
                    Dobrá kuchyně Tvarohové knedlíky nugátové 320g
                    
                </a></h5>
            <p class="product-item-price ">
                <span class="price-before-discount">
				</span>
                <strong class="price">24,90 Kč</strong>

            </p>
            <p class="product-item-unit">
                    (<strong class="price">77,80 Kč</strong> / kg)
            </p>
                        <div class="product-list-rating">
            </div>
<div id="snippet-productWidget-widgetCarousel-7-buy-35351-quantity">        <div class="product-quantity-control">
            <form action="/hotova-jidla" method="post" class="ajax" id="frm-productWidget-widgetCarousel-7-buy-35351-quantityForm">
                <input type="text" name="quantity" size="3" id="frm-productWidget-widgetCarousel-7-buy-35351-quantityForm-quantity" data-nette-rules='[{"op":":integer","msg":"Množství musí být číslo."}]' value="1" aria-label="počet k přidání">
                <input type="submit" name="_submit" value="Přidat" class="product-quantity-control-submit plus" aria-label="přidat počet do košíku">
            <input type="hidden" name="do" value="productWidget-widgetCarousel-7-buy-35351-quantityForm-submit"><!--[if IE]><input type=IEbug disabled style="display:none"><![endif]-->
</form>

        </div>
</div>
                <p class="product-incart-info accessible">Produkt nemáte v košíku</p>


        </div>

        
    </div>
</div>

<div class="kosik-modal-overlay product-modal" id="productWidget-widgetCarousel-7-productModal" role="dialog">
    <div class="kosik-modal-inner large super-scaled" id="snippet-productWidget-widgetCarousel-7-productModalArea">
    </div>
</div>


<div class="kosik-modal-overlay" id="productWidget-widgetCarousel-7-productSetModal" role="dialog">
    <div class="kosik-modal-inner large super-scaled" id="snippet-productWidget-widgetCarousel-7-productSetModalArea">
    </div>
</div>
			</div>
		</div>
		<div class="region region-carousel region-products no-aside product-widget">
			<div class="home-product-widget region-inner region-products-inner slick-carousel" data-open="3" data-close="4">
				<div class="block block-title">
					<h3>Šťávy a smoothie</h3>
				</div>
<script async>

    var onProductModalDestroy = function() {

    	var pageData = window.dataLayer[0];

        pageData["event"] = "ga.pageview";
        pageData["pagePath"] = window.location.pathname;
        pageData["pageTitle"] = window.document.title;

	    dataLayer.push(pageData);
    };
</script>
<div class="block block-product-items product-items" data-ajax-append="product-item" id="snippet-productWidget-widgetCarousel-8-productListArea">
    <div id="product-append-15474" class="product-item">
        <div class="product-item-flags">
        </div>
        <div class="product-item-image">
                <a data-href="/hotova-jidla?productWidget-widgetCarousel-8-id=15474&amp;do=productWidget-widgetCarousel-8-modal"
                   data-target="productWidget-widgetCarousel-8-productModal"
                   data-product-id="15474"
                   data-product-price="149.9"
                   data-page-title="UGO Pomeranč 1l"
                   data-page-path="/produkt/15474-ugo-pomeranc-1l"
                   data-user-id=""
                   aria-hidden="true"
                   data-kosikmodal-onclose="onProductModalDestroy"
                   onclick="kosikAjax.click(this, initModalCarousel(this))">
                    <img src="https://cdn.kosik.cz/content/product/jpg/list/placeholder.jpg" data-src="https://cdn.kosik.cz/content/product/jpg/list/32742.jpg" alt="UGO Pomeranč 1l" class="loading-images loading-image">
                </a>




        </div>
                <div class="product-item-info">
                <h5><a href="javascript:void(0)" aria-label="UGO Pomeranč 1l" data-href="/hotova-jidla?productWidget-widgetCarousel-8-id=15474&amp;do=productWidget-widgetCarousel-8-modal" class="product-name modal-link"
                   data-target="productWidget-widgetCarousel-8-productModal" onclick="kosikAjax.click(this, initModalCarousel(this))">
                    UGO Pomeranč 1l
                    
                </a></h5>
            <p class="product-item-price ">
                <span class="price-before-discount">
				</span>
                <strong class="price">149,90 Kč</strong>

            </p>
            <p class="product-item-unit">
                    (<strong class="price">149,90 Kč</strong> / l)
            </p>
                        <div class="product-list-rating">
                <span><ul class="rating"><li class="rating-children rating-1 up" data-rating="1"><i class="fa fa-star"></i></li><li class="rating-children rating-2 up" data-rating="2"><i class="fa fa-star"></i></li><li class="rating-children rating-3 up" data-rating="3"><i class="fa fa-star"></i></li><li class="rating-children rating-4 up" data-rating="4"><i class="fa fa-star"></i></li><li class="rating-children rating-5 down" data-rating="5"><i class="fa fa-star"></i></li></ul></span>
            </div>
<div id="snippet-productWidget-widgetCarousel-8-buy-15474-quantity">        <div class="product-quantity-control">
            <form action="/hotova-jidla" method="post" class="ajax" id="frm-productWidget-widgetCarousel-8-buy-15474-quantityForm">
                <input type="text" name="quantity" size="3" id="frm-productWidget-widgetCarousel-8-buy-15474-quantityForm-quantity" data-nette-rules='[{"op":":integer","msg":"Množství musí být číslo."}]' value="1" aria-label="počet k přidání">
                <input type="submit" name="_submit" value="Přidat" class="product-quantity-control-submit plus" aria-label="přidat počet do košíku">
            <input type="hidden" name="do" value="productWidget-widgetCarousel-8-buy-15474-quantityForm-submit"><!--[if IE]><input type=IEbug disabled style="display:none"><![endif]-->
</form>

        </div>
</div>
                <p class="product-incart-info accessible">Produkt nemáte v košíku</p>


        </div>

        
    </div>
    <div id="product-append-15497" class="product-item">
        <div class="product-item-flags">
        </div>
        <div class="product-item-image">
                <a data-href="/hotova-jidla?productWidget-widgetCarousel-8-id=15497&amp;do=productWidget-widgetCarousel-8-modal"
                   data-target="productWidget-widgetCarousel-8-productModal"
                   data-product-id="15497"
                   data-product-price="69.9"
                   data-page-title="UGO Jablko 1l"
                   data-page-path="/produkt/15497-ugo-jablko-1l"
                   data-user-id=""
                   aria-hidden="true"
                   data-kosikmodal-onclose="onProductModalDestroy"
                   onclick="kosikAjax.click(this, initModalCarousel(this))">
                    <img src="https://cdn.kosik.cz/content/product/jpg/list/placeholder.jpg" data-src="https://cdn.kosik.cz/content/product/jpg/list/32765.jpg" alt="UGO Jablko 1l" class="loading-images loading-image">
                </a>




        </div>
                <div class="product-item-info">
                <h5><a href="javascript:void(0)" aria-label="UGO Jablko 1l" data-href="/hotova-jidla?productWidget-widgetCarousel-8-id=15497&amp;do=productWidget-widgetCarousel-8-modal" class="product-name modal-link"
                   data-target="productWidget-widgetCarousel-8-productModal" onclick="kosikAjax.click(this, initModalCarousel(this))">
                    UGO Jablko 1l
                    
                </a></h5>
            <p class="product-item-price ">
                <span class="price-before-discount">
				</span>
                <strong class="price">69,90 Kč</strong>

            </p>
            <p class="product-item-unit">
                    (<strong class="price">69,90 Kč</strong> / l)
            </p>
                        <div class="product-list-rating">
            </div>
<div id="snippet-productWidget-widgetCarousel-8-buy-15497-quantity">        <div class="product-quantity-control">
            <form action="/hotova-jidla" method="post" class="ajax" id="frm-productWidget-widgetCarousel-8-buy-15497-quantityForm">
                <input type="text" name="quantity" size="3" id="frm-productWidget-widgetCarousel-8-buy-15497-quantityForm-quantity" data-nette-rules='[{"op":":integer","msg":"Množství musí být číslo."}]' value="1" aria-label="počet k přidání">
                <input type="submit" name="_submit" value="Přidat" class="product-quantity-control-submit plus" aria-label="přidat počet do košíku">
            <input type="hidden" name="do" value="productWidget-widgetCarousel-8-buy-15497-quantityForm-submit"><!--[if IE]><input type=IEbug disabled style="display:none"><![endif]-->
</form>

        </div>
</div>
                <p class="product-incart-info accessible">Produkt nemáte v košíku</p>


        </div>

        
    </div>
    <div id="product-append-18007" class="product-item">
        <div class="product-item-flags">
        </div>
        <div class="product-item-image">
                <a data-href="/hotova-jidla?productWidget-widgetCarousel-8-id=18007&amp;do=productWidget-widgetCarousel-8-modal"
                   data-target="productWidget-widgetCarousel-8-productModal"
                   data-product-id="18007"
                   data-product-price="31.9"
                   data-page-title="UGO Červená řepa/jablko 0,25l"
                   data-page-path="/produkt/18007-ugo-cervena-repa-jablko-0-25l"
                   data-user-id=""
                   aria-hidden="true"
                   data-kosikmodal-onclose="onProductModalDestroy"
                   onclick="kosikAjax.click(this, initModalCarousel(this))">
                    <img src="https://cdn.kosik.cz/content/product/jpg/list/placeholder.jpg" data-src="https://cdn.kosik.cz/content/product/jpg/list/35263.jpg" alt="UGO Červená řepa/jablko 0,25l" class="loading-images loading-image">
                </a>




        </div>
                <div class="product-item-info">
                <h5><a href="javascript:void(0)" aria-label="UGO Červená řepa/jablko 0,25l" data-href="/hotova-jidla?productWidget-widgetCarousel-8-id=18007&amp;do=productWidget-widgetCarousel-8-modal" class="product-name modal-link"
                   data-target="productWidget-widgetCarousel-8-productModal" onclick="kosikAjax.click(this, initModalCarousel(this))">
                    UGO Červená řepa/jablko 0,25l
                    
                </a></h5>
            <p class="product-item-price ">
                <span class="price-before-discount">
				</span>
                <strong class="price">31,90 Kč</strong>

            </p>
            <p class="product-item-unit">
                    (<strong class="price">127,60 Kč</strong> / l)
            </p>
                        <div class="product-list-rating">
            </div>
<div id="snippet-productWidget-widgetCarousel-8-buy-18007-quantity">        <div class="product-quantity-control">
            <form action="/hotova-jidla" method="post" class="ajax" id="frm-productWidget-widgetCarousel-8-buy-18007-quantityForm">
                <input type="text" name="quantity" size="3" id="frm-productWidget-widgetCarousel-8-buy-18007-quantityForm-quantity" data-nette-rules='[{"op":":integer","msg":"Množství musí být číslo."}]' value="1" aria-label="počet k přidání">
                <input type="submit" name="_submit" value="Přidat" class="product-quantity-control-submit plus" aria-label="přidat počet do košíku">
            <input type="hidden" name="do" value="productWidget-widgetCarousel-8-buy-18007-quantityForm-submit"><!--[if IE]><input type=IEbug disabled style="display:none"><![endif]-->
</form>

        </div>
</div>
                <p class="product-incart-info accessible">Produkt nemáte v košíku</p>


        </div>

        
    </div>
    <div id="product-append-18009" class="product-item">
        <div class="product-item-flags">
        </div>
        <div class="product-item-image">
                <a data-href="/hotova-jidla?productWidget-widgetCarousel-8-id=18009&amp;do=productWidget-widgetCarousel-8-modal"
                   data-target="productWidget-widgetCarousel-8-productModal"
                   data-product-id="18009"
                   data-product-price="37.9"
                   data-page-title="UGO Grep 100% 0,25l"
                   data-page-path="/produkt/18009-ugo-grep-100-0-25l"
                   data-user-id=""
                   aria-hidden="true"
                   data-kosikmodal-onclose="onProductModalDestroy"
                   onclick="kosikAjax.click(this, initModalCarousel(this))">
                    <img src="https://cdn.kosik.cz/content/product/jpg/list/placeholder.jpg" data-src="https://cdn.kosik.cz/content/product/jpg/list/35265.jpg" alt="UGO Grep 100% 0,25l" class="loading-images loading-image">
                </a>




        </div>
                <div class="product-item-info">
                <h5><a href="javascript:void(0)" aria-label="UGO Grep 100% 0,25l" data-href="/hotova-jidla?productWidget-widgetCarousel-8-id=18009&amp;do=productWidget-widgetCarousel-8-modal" class="product-name modal-link"
                   data-target="productWidget-widgetCarousel-8-productModal" onclick="kosikAjax.click(this, initModalCarousel(this))">
                    UGO Grep 100% 0,25l
                    
                </a></h5>
            <p class="product-item-price ">
                <span class="price-before-discount">
				</span>
                <strong class="price">37,90 Kč</strong>

            </p>
            <p class="product-item-unit">
                    (<strong class="price">151,60 Kč</strong> / l)
            </p>
                        <div class="product-list-rating">
            </div>
<div id="snippet-productWidget-widgetCarousel-8-buy-18009-quantity">        <div class="product-quantity-control">
            <form action="/hotova-jidla" method="post" class="ajax" id="frm-productWidget-widgetCarousel-8-buy-18009-quantityForm">
                <input type="text" name="quantity" size="3" id="frm-productWidget-widgetCarousel-8-buy-18009-quantityForm-quantity" data-nette-rules='[{"op":":integer","msg":"Množství musí být číslo."}]' value="1" aria-label="počet k přidání">
                <input type="submit" name="_submit" value="Přidat" class="product-quantity-control-submit plus" aria-label="přidat počet do košíku">
            <input type="hidden" name="do" value="productWidget-widgetCarousel-8-buy-18009-quantityForm-submit"><!--[if IE]><input type=IEbug disabled style="display:none"><![endif]-->
</form>

        </div>
</div>
                <p class="product-incart-info accessible">Produkt nemáte v košíku</p>


        </div>

        
    </div>
    <div id="product-append-18011" class="product-item">
        <div class="product-item-flags">
        </div>
        <div class="product-item-image">
                <a data-href="/hotova-jidla?productWidget-widgetCarousel-8-id=18011&amp;do=productWidget-widgetCarousel-8-modal"
                   data-target="productWidget-widgetCarousel-8-productModal"
                   data-product-id="18011"
                   data-product-price="37.9"
                   data-page-title="UGO Pomeranč 100% 0,25l"
                   data-page-path="/produkt/18011-ugo-pomeranc-100-0-25l"
                   data-user-id=""
                   aria-hidden="true"
                   data-kosikmodal-onclose="onProductModalDestroy"
                   onclick="kosikAjax.click(this, initModalCarousel(this))">
                    <img src="https://cdn.kosik.cz/content/product/jpg/list/placeholder.jpg" data-src="https://cdn.kosik.cz/content/product/jpg/list/35267.jpg" alt="UGO Pomeranč 100% 0,25l" class="loading-images loading-image">
                </a>




        </div>
                <div class="product-item-info">
                <h5><a href="javascript:void(0)" aria-label="UGO Pomeranč 100% 0,25l" data-href="/hotova-jidla?productWidget-widgetCarousel-8-id=18011&amp;do=productWidget-widgetCarousel-8-modal" class="product-name modal-link"
                   data-target="productWidget-widgetCarousel-8-productModal" onclick="kosikAjax.click(this, initModalCarousel(this))">
                    UGO Pomeranč 100% 0,25l
                    
                </a></h5>
            <p class="product-item-price ">
                <span class="price-before-discount">
				</span>
                <strong class="price">37,90 Kč</strong>

            </p>
            <p class="product-item-unit">
                    (<strong class="price">151,60 Kč</strong> / l)
            </p>
                        <div class="product-list-rating">
            </div>
<div id="snippet-productWidget-widgetCarousel-8-buy-18011-quantity">        <div class="product-quantity-control">
            <form action="/hotova-jidla" method="post" class="ajax" id="frm-productWidget-widgetCarousel-8-buy-18011-quantityForm">
                <input type="text" name="quantity" size="3" id="frm-productWidget-widgetCarousel-8-buy-18011-quantityForm-quantity" data-nette-rules='[{"op":":integer","msg":"Množství musí být číslo."}]' value="1" aria-label="počet k přidání">
                <input type="submit" name="_submit" value="Přidat" class="product-quantity-control-submit plus" aria-label="přidat počet do košíku">
            <input type="hidden" name="do" value="productWidget-widgetCarousel-8-buy-18011-quantityForm-submit"><!--[if IE]><input type=IEbug disabled style="display:none"><![endif]-->
</form>

        </div>
</div>
                <p class="product-incart-info accessible">Produkt nemáte v košíku</p>


        </div>

        
    </div>
    <div id="product-append-18012" class="product-item">
        <div class="product-item-flags">
        </div>
        <div class="product-item-image">
                <a data-href="/hotova-jidla?productWidget-widgetCarousel-8-id=18012&amp;do=productWidget-widgetCarousel-8-modal"
                   data-target="productWidget-widgetCarousel-8-productModal"
                   data-product-id="18012"
                   data-product-price="35.9"
                   data-page-title="UGO Mrkev/jablko 0,25l"
                   data-page-path="/produkt/18012-ugo-mrkev-jablko-0-25l"
                   data-user-id=""
                   aria-hidden="true"
                   data-kosikmodal-onclose="onProductModalDestroy"
                   onclick="kosikAjax.click(this, initModalCarousel(this))">
                    <img src="https://cdn.kosik.cz/content/product/jpg/list/placeholder.jpg" data-src="https://cdn.kosik.cz/content/product/jpg/list/35268.jpg" alt="UGO Mrkev/jablko 0,25l" class="loading-images loading-image">
                </a>




        </div>
                <div class="product-item-info">
                <h5><a href="javascript:void(0)" aria-label="UGO Mrkev/jablko 0,25l" data-href="/hotova-jidla?productWidget-widgetCarousel-8-id=18012&amp;do=productWidget-widgetCarousel-8-modal" class="product-name modal-link"
                   data-target="productWidget-widgetCarousel-8-productModal" onclick="kosikAjax.click(this, initModalCarousel(this))">
                    UGO Mrkev/jablko 0,25l
                    
                </a></h5>
            <p class="product-item-price ">
                <span class="price-before-discount">
				</span>
                <strong class="price">35,90 Kč</strong>

            </p>
            <p class="product-item-unit">
                    (<strong class="price">143,60 Kč</strong> / l)
            </p>
                        <div class="product-list-rating">
            </div>
<div id="snippet-productWidget-widgetCarousel-8-buy-18012-quantity">        <div class="product-quantity-control">
            <form action="/hotova-jidla" method="post" class="ajax" id="frm-productWidget-widgetCarousel-8-buy-18012-quantityForm">
                <input type="text" name="quantity" size="3" id="frm-productWidget-widgetCarousel-8-buy-18012-quantityForm-quantity" data-nette-rules='[{"op":":integer","msg":"Množství musí být číslo."}]' value="1" aria-label="počet k přidání">
                <input type="submit" name="_submit" value="Přidat" class="product-quantity-control-submit plus" aria-label="přidat počet do košíku">
            <input type="hidden" name="do" value="productWidget-widgetCarousel-8-buy-18012-quantityForm-submit"><!--[if IE]><input type=IEbug disabled style="display:none"><![endif]-->
</form>

        </div>
</div>
                <p class="product-incart-info accessible">Produkt nemáte v košíku</p>


        </div>

        
    </div>
    <div id="product-append-18013" class="product-item">
        <div class="product-item-flags">
        </div>
        <div class="product-item-image">
                <a data-href="/hotova-jidla?productWidget-widgetCarousel-8-id=18013&amp;do=productWidget-widgetCarousel-8-modal"
                   data-target="productWidget-widgetCarousel-8-productModal"
                   data-product-id="18013"
                   data-product-price="30.9"
                   data-page-title="UGO Jablko 0,25l"
                   data-page-path="/produkt/18013-ugo-jablko-0-25l"
                   data-user-id=""
                   aria-hidden="true"
                   data-kosikmodal-onclose="onProductModalDestroy"
                   onclick="kosikAjax.click(this, initModalCarousel(this))">
                    <img src="https://cdn.kosik.cz/content/product/jpg/list/placeholder.jpg" data-src="https://cdn.kosik.cz/content/product/jpg/list/35269.jpg" alt="UGO Jablko 0,25l" class="loading-images loading-image">
                </a>




        </div>
                <div class="product-item-info">
                <h5><a href="javascript:void(0)" aria-label="UGO Jablko 0,25l" data-href="/hotova-jidla?productWidget-widgetCarousel-8-id=18013&amp;do=productWidget-widgetCarousel-8-modal" class="product-name modal-link"
                   data-target="productWidget-widgetCarousel-8-productModal" onclick="kosikAjax.click(this, initModalCarousel(this))">
                    UGO Jablko 0,25l
                    
                </a></h5>
            <p class="product-item-price ">
                <span class="price-before-discount">
				</span>
                <strong class="price">30,90 Kč</strong>

            </p>
            <p class="product-item-unit">
                    (<strong class="price">123,60 Kč</strong> / l)
            </p>
                        <div class="product-list-rating">
            </div>
<div id="snippet-productWidget-widgetCarousel-8-buy-18013-quantity">        <div class="product-quantity-control">
            <form action="/hotova-jidla" method="post" class="ajax" id="frm-productWidget-widgetCarousel-8-buy-18013-quantityForm">
                <input type="text" name="quantity" size="3" id="frm-productWidget-widgetCarousel-8-buy-18013-quantityForm-quantity" data-nette-rules='[{"op":":integer","msg":"Množství musí být číslo."}]' value="1" aria-label="počet k přidání">
                <input type="submit" name="_submit" value="Přidat" class="product-quantity-control-submit plus" aria-label="přidat počet do košíku">
            <input type="hidden" name="do" value="productWidget-widgetCarousel-8-buy-18013-quantityForm-submit"><!--[if IE]><input type=IEbug disabled style="display:none"><![endif]-->
</form>

        </div>
</div>
                <p class="product-incart-info accessible">Produkt nemáte v košíku</p>


        </div>

        
    </div>
    <div id="product-append-38480" class="product-item">
        <div class="product-item-flags">
        </div>
        <div class="product-item-image">
                <a data-href="/hotova-jidla?productWidget-widgetCarousel-8-id=38480&amp;do=productWidget-widgetCarousel-8-modal"
                   data-target="productWidget-widgetCarousel-8-productModal"
                   data-product-id="38480"
                   data-product-price="79.9"
                   data-page-title="UGO Mrkev/jablko 1l"
                   data-page-path="/produkt/38480-ugo-mrkev-jablko-1l"
                   data-user-id=""
                   aria-hidden="true"
                   data-kosikmodal-onclose="onProductModalDestroy"
                   onclick="kosikAjax.click(this, initModalCarousel(this))">
                    <img src="https://cdn.kosik.cz/content/product/jpg/list/placeholder.jpg" data-src="https://cdn.kosik.cz/content/product/jpg/list/56195.jpg" alt="UGO Mrkev/jablko 1l" class="loading-images loading-image">
                </a>




        </div>
                <div class="product-item-info">
                <h5><a href="javascript:void(0)" aria-label="UGO Mrkev/jablko 1l" data-href="/hotova-jidla?productWidget-widgetCarousel-8-id=38480&amp;do=productWidget-widgetCarousel-8-modal" class="product-name modal-link"
                   data-target="productWidget-widgetCarousel-8-productModal" onclick="kosikAjax.click(this, initModalCarousel(this))">
                    UGO Mrkev/jablko 1l
                    <br><span class="new-product">Novinka</span>
                </a></h5>
            <p class="product-item-price ">
                <span class="price-before-discount">
				</span>
                <strong class="price">79,90 Kč</strong>

            </p>
            <p class="product-item-unit">
                    (<strong class="price">79,90 Kč</strong> / l)
            </p>
                        <div class="product-list-rating">
            </div>
<div id="snippet-productWidget-widgetCarousel-8-buy-38480-quantity">        <div class="product-quantity-control">
            <form action="/hotova-jidla" method="post" class="ajax" id="frm-productWidget-widgetCarousel-8-buy-38480-quantityForm">
                <input type="text" name="quantity" size="3" id="frm-productWidget-widgetCarousel-8-buy-38480-quantityForm-quantity" data-nette-rules='[{"op":":integer","msg":"Množství musí být číslo."}]' value="1" aria-label="počet k přidání">
                <input type="submit" name="_submit" value="Přidat" class="product-quantity-control-submit plus" aria-label="přidat počet do košíku">
            <input type="hidden" name="do" value="productWidget-widgetCarousel-8-buy-38480-quantityForm-submit"><!--[if IE]><input type=IEbug disabled style="display:none"><![endif]-->
</form>

        </div>
</div>
                <p class="product-incart-info accessible">Produkt nemáte v košíku</p>


        </div>

        
    </div>
    <div id="product-append-38481" class="product-item">
        <div class="product-item-flags">
        </div>
        <div class="product-item-image">
                <a data-href="/hotova-jidla?productWidget-widgetCarousel-8-id=38481&amp;do=productWidget-widgetCarousel-8-modal"
                   data-target="productWidget-widgetCarousel-8-productModal"
                   data-product-id="38481"
                   data-product-price="79.9"
                   data-page-title="UGO Červená řepa/jablko 1l"
                   data-page-path="/produkt/38481-ugo-cervena-repa-jablko-1l"
                   data-user-id=""
                   aria-hidden="true"
                   data-kosikmodal-onclose="onProductModalDestroy"
                   onclick="kosikAjax.click(this, initModalCarousel(this))">
                    <img src="https://cdn.kosik.cz/content/product/jpg/list/placeholder.jpg" data-src="https://cdn.kosik.cz/content/product/jpg/list/56196.jpg" alt="UGO Červená řepa/jablko 1l" class="loading-images loading-image">
                </a>




        </div>
                <div class="product-item-info">
                <h5><a href="javascript:void(0)" aria-label="UGO Červená řepa/jablko 1l" data-href="/hotova-jidla?productWidget-widgetCarousel-8-id=38481&amp;do=productWidget-widgetCarousel-8-modal" class="product-name modal-link"
                   data-target="productWidget-widgetCarousel-8-productModal" onclick="kosikAjax.click(this, initModalCarousel(this))">
                    UGO Červená řepa/jablko 1l
                    
                </a></h5>
            <p class="product-item-price ">
                <span class="price-before-discount">
				</span>
                <strong class="price">79,90 Kč</strong>

            </p>
            <p class="product-item-unit">
                    (<strong class="price">79,90 Kč</strong> / l)
            </p>
                        <div class="product-list-rating">
            </div>
<div id="snippet-productWidget-widgetCarousel-8-buy-38481-quantity">        <div class="product-quantity-control">
            <form action="/hotova-jidla" method="post" class="ajax" id="frm-productWidget-widgetCarousel-8-buy-38481-quantityForm">
                <input type="text" name="quantity" size="3" id="frm-productWidget-widgetCarousel-8-buy-38481-quantityForm-quantity" data-nette-rules='[{"op":":integer","msg":"Množství musí být číslo."}]' value="1" aria-label="počet k přidání">
                <input type="submit" name="_submit" value="Přidat" class="product-quantity-control-submit plus" aria-label="přidat počet do košíku">
            <input type="hidden" name="do" value="productWidget-widgetCarousel-8-buy-38481-quantityForm-submit"><!--[if IE]><input type=IEbug disabled style="display:none"><![endif]-->
</form>

        </div>
</div>
                <p class="product-incart-info accessible">Produkt nemáte v košíku</p>


        </div>

        
    </div>
    <div id="product-append-40704" class="product-item">
        <div class="product-item-flags">
        </div>
        <div class="product-item-image">
                <a data-href="/hotova-jidla?productWidget-widgetCarousel-8-id=40704&amp;do=productWidget-widgetCarousel-8-modal"
                   data-target="productWidget-widgetCarousel-8-productModal"
                   data-product-id="40704"
                   data-product-price="99.9"
                   data-page-title="UGO Banán/jahoda/jablko 1l"
                   data-page-path="/produkt/40704-ugo-banan-jahoda-jablko-1l"
                   data-user-id=""
                   aria-hidden="true"
                   data-kosikmodal-onclose="onProductModalDestroy"
                   onclick="kosikAjax.click(this, initModalCarousel(this))">
                    <img src="https://cdn.kosik.cz/content/product/jpg/list/placeholder.jpg" data-src="https://cdn.kosik.cz/content/product/jpg/list/58421.jpg" alt="UGO Banán/jahoda/jablko 1l" class="loading-images loading-image">
                </a>




        </div>
                <div class="product-item-info">
                <h5><a href="javascript:void(0)" aria-label="UGO Banán/jahoda/jablko 1l" data-href="/hotova-jidla?productWidget-widgetCarousel-8-id=40704&amp;do=productWidget-widgetCarousel-8-modal" class="product-name modal-link"
                   data-target="productWidget-widgetCarousel-8-productModal" onclick="kosikAjax.click(this, initModalCarousel(this))">
                    UGO Banán/jahoda/jablko 1l
                    
                </a></h5>
            <p class="product-item-price ">
                <span class="price-before-discount">
				</span>
                <strong class="price">99,90 Kč</strong>

            </p>
            <p class="product-item-unit">
                    (<strong class="price">99,90 Kč</strong> / l)
            </p>
                        <div class="product-list-rating">
            </div>
<div id="snippet-productWidget-widgetCarousel-8-buy-40704-quantity">        <div class="product-quantity-control">
            <form action="/hotova-jidla" method="post" class="ajax" id="frm-productWidget-widgetCarousel-8-buy-40704-quantityForm">
                <input type="text" name="quantity" size="3" id="frm-productWidget-widgetCarousel-8-buy-40704-quantityForm-quantity" data-nette-rules='[{"op":":integer","msg":"Množství musí být číslo."}]' value="1" aria-label="počet k přidání">
                <input type="submit" name="_submit" value="Přidat" class="product-quantity-control-submit plus" aria-label="přidat počet do košíku">
            <input type="hidden" name="do" value="productWidget-widgetCarousel-8-buy-40704-quantityForm-submit"><!--[if IE]><input type=IEbug disabled style="display:none"><![endif]-->
</form>

        </div>
</div>
                <p class="product-incart-info accessible">Produkt nemáte v košíku</p>


        </div>

        
    </div>
    <div id="product-append-40705" class="product-item">
        <div class="product-item-flags">
        </div>
        <div class="product-item-image">
                <a data-href="/hotova-jidla?productWidget-widgetCarousel-8-id=40705&amp;do=productWidget-widgetCarousel-8-modal"
                   data-target="productWidget-widgetCarousel-8-productModal"
                   data-product-id="40705"
                   data-product-price="99.9"
                   data-page-title="UGO Malina/jahoda/borůvka/jablko 1l"
                   data-page-path="/produkt/40705-ugo-malina-jahoda-boruvka-jablko-1l"
                   data-user-id=""
                   aria-hidden="true"
                   data-kosikmodal-onclose="onProductModalDestroy"
                   onclick="kosikAjax.click(this, initModalCarousel(this))">
                    <img src="https://cdn.kosik.cz/content/product/jpg/list/placeholder.jpg" data-src="https://cdn.kosik.cz/content/product/jpg/list/58422.jpg" alt="UGO Malina/jahoda/borůvka/jablko 1l" class="loading-images loading-image">
                </a>




        </div>
                <div class="product-item-info">
                <h5><a href="javascript:void(0)" aria-label="UGO Malina/jahoda/borůvka/jablko 1l" data-href="/hotova-jidla?productWidget-widgetCarousel-8-id=40705&amp;do=productWidget-widgetCarousel-8-modal" class="product-name modal-link"
                   data-target="productWidget-widgetCarousel-8-productModal" onclick="kosikAjax.click(this, initModalCarousel(this))">
                    UGO Malina/jahoda/borůvka/jablko 1l
                    
                </a></h5>
            <p class="product-item-price ">
                <span class="price-before-discount">
				</span>
                <strong class="price">99,90 Kč</strong>

            </p>
            <p class="product-item-unit">
                    (<strong class="price">99,90 Kč</strong> / l)
            </p>
                        <div class="product-list-rating">
            </div>
<div id="snippet-productWidget-widgetCarousel-8-buy-40705-quantity">        <div class="product-quantity-control">
            <form action="/hotova-jidla" method="post" class="ajax" id="frm-productWidget-widgetCarousel-8-buy-40705-quantityForm">
                <input type="text" name="quantity" size="3" id="frm-productWidget-widgetCarousel-8-buy-40705-quantityForm-quantity" data-nette-rules='[{"op":":integer","msg":"Množství musí být číslo."}]' value="1" aria-label="počet k přidání">
                <input type="submit" name="_submit" value="Přidat" class="product-quantity-control-submit plus" aria-label="přidat počet do košíku">
            <input type="hidden" name="do" value="productWidget-widgetCarousel-8-buy-40705-quantityForm-submit"><!--[if IE]><input type=IEbug disabled style="display:none"><![endif]-->
</form>

        </div>
</div>
                <p class="product-incart-info accessible">Produkt nemáte v košíku</p>


        </div>

        
    </div>
    <div id="product-append-40706" class="product-item">
        <div class="product-item-flags">
        </div>
        <div class="product-item-image">
                <a data-href="/hotova-jidla?productWidget-widgetCarousel-8-id=40706&amp;do=productWidget-widgetCarousel-8-modal"
                   data-target="productWidget-widgetCarousel-8-productModal"
                   data-product-id="40706"
                   data-product-price="99.9"
                   data-page-title="UGO Pomeranč/mrkev/jablko/zázvor 1l"
                   data-page-path="/produkt/40706-ugo-pomeranc-mrkev-jablko-zazvor-1l"
                   data-user-id=""
                   aria-hidden="true"
                   data-kosikmodal-onclose="onProductModalDestroy"
                   onclick="kosikAjax.click(this, initModalCarousel(this))">
                    <img src="https://cdn.kosik.cz/content/product/jpg/list/placeholder.jpg" data-src="https://cdn.kosik.cz/content/product/jpg/list/58423.jpg" alt="UGO Pomeranč/mrkev/jablko/zázvor 1l" class="loading-images loading-image">
                </a>




        </div>
                <div class="product-item-info">
                <h5><a href="javascript:void(0)" aria-label="UGO Pomeranč/mrkev/jablko/zázvor 1l" data-href="/hotova-jidla?productWidget-widgetCarousel-8-id=40706&amp;do=productWidget-widgetCarousel-8-modal" class="product-name modal-link"
                   data-target="productWidget-widgetCarousel-8-productModal" onclick="kosikAjax.click(this, initModalCarousel(this))">
                    UGO Pomeranč/mrkev/jablko/zázvor 1l
                    
                </a></h5>
            <p class="product-item-price ">
                <span class="price-before-discount">
				</span>
                <strong class="price">99,90 Kč</strong>

            </p>
            <p class="product-item-unit">
                    (<strong class="price">99,90 Kč</strong> / l)
            </p>
                        <div class="product-list-rating">
            </div>
<div id="snippet-productWidget-widgetCarousel-8-buy-40706-quantity">        <div class="product-quantity-control">
            <form action="/hotova-jidla" method="post" class="ajax" id="frm-productWidget-widgetCarousel-8-buy-40706-quantityForm">
                <input type="text" name="quantity" size="3" id="frm-productWidget-widgetCarousel-8-buy-40706-quantityForm-quantity" data-nette-rules='[{"op":":integer","msg":"Množství musí být číslo."}]' value="1" aria-label="počet k přidání">
                <input type="submit" name="_submit" value="Přidat" class="product-quantity-control-submit plus" aria-label="přidat počet do košíku">
            <input type="hidden" name="do" value="productWidget-widgetCarousel-8-buy-40706-quantityForm-submit"><!--[if IE]><input type=IEbug disabled style="display:none"><![endif]-->
</form>

        </div>
</div>
                <p class="product-incart-info accessible">Produkt nemáte v košíku</p>


        </div>

        
    </div>
    <div id="product-append-41147" class="product-item">
        <div class="product-item-flags">
        </div>
        <div class="product-item-image">
                <a data-href="/hotova-jidla?productWidget-widgetCarousel-8-id=41147&amp;do=productWidget-widgetCarousel-8-modal"
                   data-target="productWidget-widgetCarousel-8-productModal"
                   data-product-id="41147"
                   data-product-price="40.9"
                   data-page-title="UGO Malina/jahoda/borůvka/jablko 0,25l"
                   data-page-path="/produkt/41147-ugo-malina-jahoda-boruvka-jablko-0-25l"
                   data-user-id=""
                   aria-hidden="true"
                   data-kosikmodal-onclose="onProductModalDestroy"
                   onclick="kosikAjax.click(this, initModalCarousel(this))">
                    <img src="https://cdn.kosik.cz/content/product/jpg/list/placeholder.jpg" data-src="https://cdn.kosik.cz/content/product/jpg/list/58864.jpg" alt="UGO Malina/jahoda/borůvka/jablko 0,25l" class="loading-images loading-image">
                </a>




        </div>
                <div class="product-item-info">
                <h5><a href="javascript:void(0)" aria-label="UGO Malina/jahoda/borůvka/jablko 0,25l" data-href="/hotova-jidla?productWidget-widgetCarousel-8-id=41147&amp;do=productWidget-widgetCarousel-8-modal" class="product-name modal-link"
                   data-target="productWidget-widgetCarousel-8-productModal" onclick="kosikAjax.click(this, initModalCarousel(this))">
                    UGO Malina/jahoda/borůvka/jablko 0,25l
                    
                </a></h5>
            <p class="product-item-price ">
                <span class="price-before-discount">
				</span>
                <strong class="price">40,90 Kč</strong>

            </p>
            <p class="product-item-unit">
                    (<strong class="price">163,60 Kč</strong> / l)
            </p>
                        <div class="product-list-rating">
            </div>
<div id="snippet-productWidget-widgetCarousel-8-buy-41147-quantity">        <div class="product-quantity-control">
            <form action="/hotova-jidla" method="post" class="ajax" id="frm-productWidget-widgetCarousel-8-buy-41147-quantityForm">
                <input type="text" name="quantity" size="3" id="frm-productWidget-widgetCarousel-8-buy-41147-quantityForm-quantity" data-nette-rules='[{"op":":integer","msg":"Množství musí být číslo."}]' value="1" aria-label="počet k přidání">
                <input type="submit" name="_submit" value="Přidat" class="product-quantity-control-submit plus" aria-label="přidat počet do košíku">
            <input type="hidden" name="do" value="productWidget-widgetCarousel-8-buy-41147-quantityForm-submit"><!--[if IE]><input type=IEbug disabled style="display:none"><![endif]-->
</form>

        </div>
</div>
                <p class="product-incart-info accessible">Produkt nemáte v košíku</p>


        </div>

        
    </div>
    <div id="product-append-41148" class="product-item">
        <div class="product-item-flags">
        </div>
        <div class="product-item-image">
                <a data-href="/hotova-jidla?productWidget-widgetCarousel-8-id=41148&amp;do=productWidget-widgetCarousel-8-modal"
                   data-target="productWidget-widgetCarousel-8-productModal"
                   data-product-id="41148"
                   data-product-price="40.9"
                   data-page-title="UGO Banán/jahoda/jablko 0,25l"
                   data-page-path="/produkt/41148-ugo-banan-jahoda-jablko-0-25l"
                   data-user-id=""
                   aria-hidden="true"
                   data-kosikmodal-onclose="onProductModalDestroy"
                   onclick="kosikAjax.click(this, initModalCarousel(this))">
                    <img src="https://cdn.kosik.cz/content/product/jpg/list/placeholder.jpg" data-src="https://cdn.kosik.cz/content/product/jpg/list/58865.jpg" alt="UGO Banán/jahoda/jablko 0,25l" class="loading-images loading-image">
                </a>




        </div>
                <div class="product-item-info">
                <h5><a href="javascript:void(0)" aria-label="UGO Banán/jahoda/jablko 0,25l" data-href="/hotova-jidla?productWidget-widgetCarousel-8-id=41148&amp;do=productWidget-widgetCarousel-8-modal" class="product-name modal-link"
                   data-target="productWidget-widgetCarousel-8-productModal" onclick="kosikAjax.click(this, initModalCarousel(this))">
                    UGO Banán/jahoda/jablko 0,25l
                    
                </a></h5>
            <p class="product-item-price ">
                <span class="price-before-discount">
				</span>
                <strong class="price">40,90 Kč</strong>

            </p>
            <p class="product-item-unit">
                    (<strong class="price">163,60 Kč</strong> / l)
            </p>
                        <div class="product-list-rating">
            </div>
<div id="snippet-productWidget-widgetCarousel-8-buy-41148-quantity">        <div class="product-quantity-control">
            <form action="/hotova-jidla" method="post" class="ajax" id="frm-productWidget-widgetCarousel-8-buy-41148-quantityForm">
                <input type="text" name="quantity" size="3" id="frm-productWidget-widgetCarousel-8-buy-41148-quantityForm-quantity" data-nette-rules='[{"op":":integer","msg":"Množství musí být číslo."}]' value="1" aria-label="počet k přidání">
                <input type="submit" name="_submit" value="Přidat" class="product-quantity-control-submit plus" aria-label="přidat počet do košíku">
            <input type="hidden" name="do" value="productWidget-widgetCarousel-8-buy-41148-quantityForm-submit"><!--[if IE]><input type=IEbug disabled style="display:none"><![endif]-->
</form>

        </div>
</div>
                <p class="product-incart-info accessible">Produkt nemáte v košíku</p>


        </div>

        
    </div>
    <div id="product-append-41149" class="product-item">
        <div class="product-item-flags">
        </div>
        <div class="product-item-image">
                <a data-href="/hotova-jidla?productWidget-widgetCarousel-8-id=41149&amp;do=productWidget-widgetCarousel-8-modal"
                   data-target="productWidget-widgetCarousel-8-productModal"
                   data-product-id="41149"
                   data-product-price="40.9"
                   data-page-title="UGO Jablko/špenát/máta/citron 0,25l"
                   data-page-path="/produkt/41149-ugo-jablko-spenat-mata-citron-0-25l"
                   data-user-id=""
                   aria-hidden="true"
                   data-kosikmodal-onclose="onProductModalDestroy"
                   onclick="kosikAjax.click(this, initModalCarousel(this))">
                    <img src="https://cdn.kosik.cz/content/product/jpg/list/placeholder.jpg" data-src="https://cdn.kosik.cz/content/product/jpg/list/58866.jpg" alt="UGO Jablko/špenát/máta/citron 0,25l" class="loading-images loading-image">
                </a>




        </div>
                <div class="product-item-info">
                <h5><a href="javascript:void(0)" aria-label="UGO Jablko/špenát/máta/citron 0,25l" data-href="/hotova-jidla?productWidget-widgetCarousel-8-id=41149&amp;do=productWidget-widgetCarousel-8-modal" class="product-name modal-link"
                   data-target="productWidget-widgetCarousel-8-productModal" onclick="kosikAjax.click(this, initModalCarousel(this))">
                    UGO Jablko/špenát/máta/citron 0,25l
                    
                </a></h5>
            <p class="product-item-price ">
                <span class="price-before-discount">
				</span>
                <strong class="price">40,90 Kč</strong>

            </p>
            <p class="product-item-unit">
                    (<strong class="price">163,60 Kč</strong> / l)
            </p>
                        <div class="product-list-rating">
            </div>
<div id="snippet-productWidget-widgetCarousel-8-buy-41149-quantity">        <div class="product-quantity-control">
            <form action="/hotova-jidla" method="post" class="ajax" id="frm-productWidget-widgetCarousel-8-buy-41149-quantityForm">
                <input type="text" name="quantity" size="3" id="frm-productWidget-widgetCarousel-8-buy-41149-quantityForm-quantity" data-nette-rules='[{"op":":integer","msg":"Množství musí být číslo."}]' value="1" aria-label="počet k přidání">
                <input type="submit" name="_submit" value="Přidat" class="product-quantity-control-submit plus" aria-label="přidat počet do košíku">
            <input type="hidden" name="do" value="productWidget-widgetCarousel-8-buy-41149-quantityForm-submit"><!--[if IE]><input type=IEbug disabled style="display:none"><![endif]-->
</form>

        </div>
</div>
                <p class="product-incart-info accessible">Produkt nemáte v košíku</p>


        </div>

        
    </div>
    <div id="product-append-42053" class="product-item">
        <div class="product-item-flags">
        </div>
        <div class="product-item-image">
                <a data-href="/hotova-jidla?productWidget-widgetCarousel-8-id=42053&amp;do=productWidget-widgetCarousel-8-modal"
                   data-target="productWidget-widgetCarousel-8-productModal"
                   data-product-id="42053"
                   data-product-price="31.9"
                   data-page-title="UGO Celer/jablko 0,25l"
                   data-page-path="/produkt/42053-ugo-celer-jablko-0-25l"
                   data-user-id=""
                   aria-hidden="true"
                   data-kosikmodal-onclose="onProductModalDestroy"
                   onclick="kosikAjax.click(this, initModalCarousel(this))">
                    <img src="https://cdn.kosik.cz/content/product/jpg/list/placeholder.jpg" data-src="https://cdn.kosik.cz/content/product/jpg/list/59770.jpg" alt="UGO Celer/jablko 0,25l" class="loading-images loading-image">
                </a>




        </div>
                <div class="product-item-info">
                <h5><a href="javascript:void(0)" aria-label="UGO Celer/jablko 0,25l" data-href="/hotova-jidla?productWidget-widgetCarousel-8-id=42053&amp;do=productWidget-widgetCarousel-8-modal" class="product-name modal-link"
                   data-target="productWidget-widgetCarousel-8-productModal" onclick="kosikAjax.click(this, initModalCarousel(this))">
                    UGO Celer/jablko 0,25l
                    
                </a></h5>
            <p class="product-item-price ">
                <span class="price-before-discount">
				</span>
                <strong class="price">31,90 Kč</strong>

            </p>
            <p class="product-item-unit">
                    (<strong class="price">127,60 Kč</strong> / l)
            </p>
                        <div class="product-list-rating">
            </div>
<div id="snippet-productWidget-widgetCarousel-8-buy-42053-quantity">        <div class="product-quantity-control">
            <form action="/hotova-jidla" method="post" class="ajax" id="frm-productWidget-widgetCarousel-8-buy-42053-quantityForm">
                <input type="text" name="quantity" size="3" id="frm-productWidget-widgetCarousel-8-buy-42053-quantityForm-quantity" data-nette-rules='[{"op":":integer","msg":"Množství musí být číslo."}]' value="1" aria-label="počet k přidání">
                <input type="submit" name="_submit" value="Přidat" class="product-quantity-control-submit plus" aria-label="přidat počet do košíku">
            <input type="hidden" name="do" value="productWidget-widgetCarousel-8-buy-42053-quantityForm-submit"><!--[if IE]><input type=IEbug disabled style="display:none"><![endif]-->
</form>

        </div>
</div>
                <p class="product-incart-info accessible">Produkt nemáte v košíku</p>


        </div>

        
    </div>
    <div id="product-append-42054" class="product-item">
        <div class="product-item-flags">
        </div>
        <div class="product-item-image">
                <a data-href="/hotova-jidla?productWidget-widgetCarousel-8-id=42054&amp;do=productWidget-widgetCarousel-8-modal"
                   data-target="productWidget-widgetCarousel-8-productModal"
                   data-product-id="42054"
                   data-product-price="40.9"
                   data-page-title="UGO Pomeranč/mrkev/jablko/zázvor 0,25l"
                   data-page-path="/produkt/42054-ugo-pomeranc-mrkev-jablko-zazvor-0-25l"
                   data-user-id=""
                   aria-hidden="true"
                   data-kosikmodal-onclose="onProductModalDestroy"
                   onclick="kosikAjax.click(this, initModalCarousel(this))">
                    <img src="https://cdn.kosik.cz/content/product/jpg/list/placeholder.jpg" data-src="https://cdn.kosik.cz/content/product/jpg/list/59771.jpg" alt="UGO Pomeranč/mrkev/jablko/zázvor 0,25l" class="loading-images loading-image">
                </a>




        </div>
                <div class="product-item-info">
                <h5><a href="javascript:void(0)" aria-label="UGO Pomeranč/mrkev/jablko/zázvor 0,25l" data-href="/hotova-jidla?productWidget-widgetCarousel-8-id=42054&amp;do=productWidget-widgetCarousel-8-modal" class="product-name modal-link"
                   data-target="productWidget-widgetCarousel-8-productModal" onclick="kosikAjax.click(this, initModalCarousel(this))">
                    UGO Pomeranč/mrkev/jablko/zázvor 0,25l
                    
                </a></h5>
            <p class="product-item-price ">
                <span class="price-before-discount">
				</span>
                <strong class="price">40,90 Kč</strong>

            </p>
            <p class="product-item-unit">
                    (<strong class="price">163,60 Kč</strong> / l)
            </p>
                        <div class="product-list-rating">
            </div>
<div id="snippet-productWidget-widgetCarousel-8-buy-42054-quantity">        <div class="product-quantity-control">
            <form action="/hotova-jidla" method="post" class="ajax" id="frm-productWidget-widgetCarousel-8-buy-42054-quantityForm">
                <input type="text" name="quantity" size="3" id="frm-productWidget-widgetCarousel-8-buy-42054-quantityForm-quantity" data-nette-rules='[{"op":":integer","msg":"Množství musí být číslo."}]' value="1" aria-label="počet k přidání">
                <input type="submit" name="_submit" value="Přidat" class="product-quantity-control-submit plus" aria-label="přidat počet do košíku">
            <input type="hidden" name="do" value="productWidget-widgetCarousel-8-buy-42054-quantityForm-submit"><!--[if IE]><input type=IEbug disabled style="display:none"><![endif]-->
</form>

        </div>
</div>
                <p class="product-incart-info accessible">Produkt nemáte v košíku</p>


        </div>

        
    </div>
    <div id="product-append-49896" class="product-item">
        <div class="product-item-flags">
        </div>
        <div class="product-item-image">
                <a data-href="/hotova-jidla?productWidget-widgetCarousel-8-id=49896&amp;do=productWidget-widgetCarousel-8-modal"
                   data-target="productWidget-widgetCarousel-8-productModal"
                   data-product-id="49896"
                   data-product-price="99.9"
                   data-page-title="UGO Pomeranč/jablko 1l"
                   data-page-path="/produkt/49896-ugo-pomeranc-jablko-1l"
                   data-user-id=""
                   aria-hidden="true"
                   data-kosikmodal-onclose="onProductModalDestroy"
                   onclick="kosikAjax.click(this, initModalCarousel(this))">
                    <img src="https://cdn.kosik.cz/content/product/jpg/list/placeholder.jpg" data-src="https://cdn.kosik.cz/content/product/jpg/list/67478.jpg" alt="UGO Pomeranč/jablko 1l" class="loading-images loading-image">
                </a>




        </div>
                <div class="product-item-info">
                <h5><a href="javascript:void(0)" aria-label="UGO Pomeranč/jablko 1l" data-href="/hotova-jidla?productWidget-widgetCarousel-8-id=49896&amp;do=productWidget-widgetCarousel-8-modal" class="product-name modal-link"
                   data-target="productWidget-widgetCarousel-8-productModal" onclick="kosikAjax.click(this, initModalCarousel(this))">
                    UGO Pomeranč/jablko 1l
                    <br><span class="new-product">Novinka</span>
                </a></h5>
            <p class="product-item-price ">
                <span class="price-before-discount">
				</span>
                <strong class="price">99,90 Kč</strong>

            </p>
            <p class="product-item-unit">
                    (<strong class="price">99,90 Kč</strong> / l)
            </p>
                        <div class="product-list-rating">
            </div>
<div id="snippet-productWidget-widgetCarousel-8-buy-49896-quantity">        <div class="product-quantity-control">
            <form action="/hotova-jidla" method="post" class="ajax" id="frm-productWidget-widgetCarousel-8-buy-49896-quantityForm">
                <input type="text" name="quantity" size="3" id="frm-productWidget-widgetCarousel-8-buy-49896-quantityForm-quantity" data-nette-rules='[{"op":":integer","msg":"Množství musí být číslo."}]' value="1" aria-label="počet k přidání">
                <input type="submit" name="_submit" value="Přidat" class="product-quantity-control-submit plus" aria-label="přidat počet do košíku">
            <input type="hidden" name="do" value="productWidget-widgetCarousel-8-buy-49896-quantityForm-submit"><!--[if IE]><input type=IEbug disabled style="display:none"><![endif]-->
</form>

        </div>
</div>
                <p class="product-incart-info accessible">Produkt nemáte v košíku</p>


        </div>

        
    </div>
</div>

<div class="kosik-modal-overlay product-modal" id="productWidget-widgetCarousel-8-productModal" role="dialog">
    <div class="kosik-modal-inner large super-scaled" id="snippet-productWidget-widgetCarousel-8-productModalArea">
    </div>
</div>


<div class="kosik-modal-overlay" id="productWidget-widgetCarousel-8-productSetModal" role="dialog">
    <div class="kosik-modal-inner large super-scaled" id="snippet-productWidget-widgetCarousel-8-productSetModalArea">
    </div>
</div>
			</div>
		</div>
		<div class="region region-carousel region-products no-aside product-widget">
			<div class="home-product-widget region-inner region-products-inner slick-carousel" data-open="3" data-close="4">
				<div class="block block-title">
					<h3>Bagety a sendviče</h3>
				</div>
<script async>

    var onProductModalDestroy = function() {

    	var pageData = window.dataLayer[0];

        pageData["event"] = "ga.pageview";
        pageData["pagePath"] = window.location.pathname;
        pageData["pageTitle"] = window.document.title;

	    dataLayer.push(pageData);
    };
</script>
<div class="block block-product-items product-items" data-ajax-append="product-item" id="snippet-productWidget-widgetCarousel-10-productListArea">
    <div id="product-append-52595" class="product-item">
        <div class="product-item-flags">
        </div>
        <div class="product-item-image">
                <a data-href="/hotova-jidla?productWidget-widgetCarousel-10-id=52595&amp;do=productWidget-widgetCarousel-10-modal"
                   data-target="productWidget-widgetCarousel-10-productModal"
                   data-product-id="52595"
                   data-product-price="50.9"
                   data-page-title="Simply Fresh Bageta Debrecínka 201g"
                   data-page-path="/produkt/52595-simply-fresh-bageta-debrecinka-201g"
                   data-user-id=""
                   aria-hidden="true"
                   data-kosikmodal-onclose="onProductModalDestroy"
                   onclick="kosikAjax.click(this, initModalCarousel(this))">
                    <img src="https://cdn.kosik.cz/content/product/jpg/list/placeholder.jpg" data-src="https://cdn.kosik.cz/content/product/jpg/list/70201.jpg" alt="Simply Fresh Bageta Debrecínka 201g" class="loading-images loading-image">
                </a>




        </div>
                <div class="product-item-info">
                <h5><a href="javascript:void(0)" aria-label="Simply Fresh Bageta Debrecínka 201g" data-href="/hotova-jidla?productWidget-widgetCarousel-10-id=52595&amp;do=productWidget-widgetCarousel-10-modal" class="product-name modal-link"
                   data-target="productWidget-widgetCarousel-10-productModal" onclick="kosikAjax.click(this, initModalCarousel(this))">
                    Simply Fresh Bageta Debrecínka 201g
                    <br><span class="new-product">Novinka</span>
                </a></h5>
            <p class="product-item-price ">
                <span class="price-before-discount">
				</span>
                <strong class="price">50,90 Kč</strong>

            </p>
            <p class="product-item-unit">
                    (<strong class="price">253,20 Kč</strong> / kg)
            </p>
                        <div class="product-list-rating">
            </div>
<div id="snippet-productWidget-widgetCarousel-10-buy-52595-quantity">        <div class="product-quantity-control">
            <form action="/hotova-jidla" method="post" class="ajax" id="frm-productWidget-widgetCarousel-10-buy-52595-quantityForm">
                <input type="text" name="quantity" size="3" id="frm-productWidget-widgetCarousel-10-buy-52595-quantityForm-quantity" data-nette-rules='[{"op":":integer","msg":"Množství musí být číslo."}]' value="1" aria-label="počet k přidání">
                <input type="submit" name="_submit" value="Přidat" class="product-quantity-control-submit plus" aria-label="přidat počet do košíku">
            <input type="hidden" name="do" value="productWidget-widgetCarousel-10-buy-52595-quantityForm-submit"><!--[if IE]><input type=IEbug disabled style="display:none"><![endif]-->
</form>

        </div>
</div>
                <p class="product-incart-info accessible">Produkt nemáte v košíku</p>


        </div>

        
    </div>
</div>

<div class="kosik-modal-overlay product-modal" id="productWidget-widgetCarousel-10-productModal" role="dialog">
    <div class="kosik-modal-inner large super-scaled" id="snippet-productWidget-widgetCarousel-10-productModalArea">
    </div>
</div>


<div class="kosik-modal-overlay" id="productWidget-widgetCarousel-10-productSetModal" role="dialog">
    <div class="kosik-modal-inner large super-scaled" id="snippet-productWidget-widgetCarousel-10-productSetModalArea">
    </div>
</div>
			</div>
		</div>

			<div class="region region-title-afinity-select no-aside clearfix" role="main">
				<div class="region-inner region-title-afinity-select-inner">
																					<div class="block block-title">
						<h1>Hotová jídla</h1>
					</div>
					<div id="snippet--primaryFilterArea">
<form action="/hotova-jidla" method="post" class="ajax" id="frm-productPrimaryFilter-constraintForm">
<div class="block block-afinity-groups">
	<div class="afinity-group" tabindex="0">
		<label for="noAleurone">
			<input type="checkbox" id="noAleurone" value="noAleurone" name="noAleurone" onchange='$(this).closest("form").submit();'>
			<div class="group-icon strike-through"><span class="icon-afinity-Wheat"></span></div>
			<span class="group-name">Bez lepku</span>
		</label>
	</div>
	<div class="afinity-group" tabindex="0">
		<label for="noLactose">
			<input type="checkbox" id="noLactose" value="noLactose" name="noLactose" onchange='$(this).closest("form").submit();'>
			<div class="group-icon strike-through"><span class="icon-afinity-Milk"></span></div>
			<span class="group-name">Bez laktózy</span>
		</label>
	</div>
	<div class="afinity-group" tabindex="0">
		<label for="noPalmOil">
			<input type="checkbox" id="noPalmOil" value="noPalmOil" name="noPalmOil" onchange='$(this).closest("form").submit();'>
			<div class="group-icon strike-through"><span class="icon-afinity-Palm-oil"></span></div>
			<span class="group-name">Bez palmového tuku</span>
		</label>
	</div>
	<div class="afinity-group" tabindex="0">
		<label for="vegan">
			<input type="checkbox" id="vegan" value="vegan" name="vegan" onchange='$(this).closest("form").submit();'>
			<div class="group-icon strike-through"><span class="icon-afinity-Egg"></span></div>
			<span class="group-name">Vhodné pro vegany</span>
		</label>
	</div>
	<div class="afinity-group" tabindex="0">
		<label for="vegetarian">
			<input type="checkbox" id="vegetarian" value="vegetarian" name="vegetarian" onchange='$(this).closest("form").submit();'>
			<div class="group-icon strike-through"><span class="icon-afinity-Steak"></span></div>
			<span class="group-name">Vegetariánské</span>
		</label>
	</div>
	<div class="afinity-group" tabindex="0">
		<label for="isKlasa">
			<input type="checkbox" id="isKlasa" value="isKlasa" name="isKlasa" onchange='$(this).closest("form").submit();'>
			<div class="group-icon"><span class="icon-afinity-Klasa"></span></div>
			<span class="group-name">Klasa</span>
		</label>
	</div>
</div>
<input type="hidden" name="do" value="productPrimaryFilter-constraintForm-submit"><!--[if IE]><input type=IEbug disabled style="display:none"><![endif]-->
</form>

					</div>
					<div class="block block-product-list-option">
<ul class="product-list-option element-bordered-select-box">
    <li tabindex="0">
        <span>Oblíbené<span class="accessible"> - vybráno</span></span>
        <div class="positioner">
            <ul>
                <li>
                    <a title="Akční" href="/hotova-jidla?productListOptions-preset=orderDiscount">
                        Akční
                    </a>
                </li>
                <li>
                    <a title="Nejlevnější" href="/hotova-jidla?productListOptions-preset=orderPriceAscending">
                        Nejlevnější
                    </a>
                </li>
                <li>
                    <a title="Nejdražší" href="/hotova-jidla?productListOptions-preset=orderPriceDescending">
                        Nejdražší
                    </a>
                </li>
            </ul>
        </div>
    </li>
</ul>
					</div>
				</div>
			</div>

			<div class="region region-products" data-ajax-append="product-item" id="snippet--productListArea">
				<div class="region-inner region-products-inner">
<script async>
    basic.documentReady(function () {
        $.get("\/hotova-jidla?do=productList-ajaxLoaderSetting").done(function (setting) {
            setting.ShowButton = false;
            ajaxLoader.init(setting);
        });
    });

    var onProductModalDestroy = function() {

    	var pageData = window.dataLayer[0];

        pageData["event"] = "ga.pageview";
        pageData["pagePath"] = window.location.pathname;
        pageData["pageTitle"] = window.document.title;

	    dataLayer.push(pageData);
    };
</script>
<div class="block block-product-items product-items" data-ajax-append="product-item" id="snippet-productList-productListArea">
    <div id="product-append-13798" class="product-item">
        <div class="product-item-flags">
        </div>
        <div class="product-item-image">
                <a data-href="/hotova-jidla?productList-id=13798&amp;do=productList-modal"
                   data-target="productList-productModal"
                   data-product-id="13798"
                   data-product-price="36.9"
                   data-page-title="Faho Knedlík houskový kynutý 550g"
                   data-page-path="/produkt/13798-faho-knedlik-houskovy-kynuty-550g"
                   data-user-id=""
                   aria-hidden="true"
                   data-kosikmodal-onclose="onProductModalDestroy"
                   onclick="kosikAjax.click(this, initModalCarousel(this))">
                    <img src="https://cdn.kosik.cz/content/product/jpg/list/placeholder.jpg" data-src="https://cdn.kosik.cz/content/product/jpg/list/31051.jpg" alt="Faho Knedlík houskový kynutý 550g" class="loading-images loading-image">
                </a>




        </div>
                <div class="product-item-info">
                <h5><a href="javascript:void(0)" aria-label="Faho Knedlík houskový kynutý 550g" data-href="/hotova-jidla?productList-id=13798&amp;do=productList-modal" class="product-name modal-link"
                   data-target="productList-productModal" onclick="kosikAjax.click(this, initModalCarousel(this))">
                    Faho Knedlík houskový kynutý 550g
                    
                </a></h5>
            <p class="product-item-price ">
                <span class="price-before-discount">
				</span>
                <strong class="price">36,90 Kč</strong>

            </p>
            <p class="product-item-unit">
                    (<strong class="price">67,10 Kč</strong> / kg)
            </p>
                        <div class="product-list-rating">
            </div>
<div id="snippet-productList-buy-13798-quantity">        <div class="product-quantity-control">
            <form action="/hotova-jidla" method="post" class="ajax" id="frm-productList-buy-13798-quantityForm">
                <input type="text" name="quantity" size="3" id="frm-productList-buy-13798-quantityForm-quantity" data-nette-rules='[{"op":":integer","msg":"Množství musí být číslo."}]' value="1" aria-label="počet k přidání">
                <input type="submit" name="_submit" value="Přidat" class="product-quantity-control-submit plus" aria-label="přidat počet do košíku">
            <input type="hidden" name="do" value="productList-buy-13798-quantityForm-submit"><!--[if IE]><input type=IEbug disabled style="display:none"><![endif]-->
</form>

        </div>
</div>
                <p class="product-incart-info accessible">Produkt nemáte v košíku</p>


        </div>

        
    </div>
    <div id="product-append-11143" class="product-item">
        <div class="product-item-flags">
        </div>
        <div class="product-item-image">
                <a data-href="/hotova-jidla?productList-id=11143&amp;do=productList-modal"
                   data-target="productList-productModal"
                   data-product-id="11143"
                   data-product-price="58.9"
                   data-page-title="Edeka Lasagne 400g"
                   data-page-path="/produkt/11143-edeka-lasagne-400g"
                   data-user-id=""
                   aria-hidden="true"
                   data-kosikmodal-onclose="onProductModalDestroy"
                   onclick="kosikAjax.click(this, initModalCarousel(this))">
                    <img src="https://cdn.kosik.cz/content/product/jpg/list/placeholder.jpg" data-src="https://cdn.kosik.cz/content/product/jpg/list/28689.jpg" alt="Edeka Lasagne 400g" class="loading-images loading-image">
                </a>




        </div>
                <div class="product-item-info">
                <h5><a href="javascript:void(0)" aria-label="Edeka Lasagne 400g" data-href="/hotova-jidla?productList-id=11143&amp;do=productList-modal" class="product-name modal-link"
                   data-target="productList-productModal" onclick="kosikAjax.click(this, initModalCarousel(this))">
                    Edeka Lasagne 400g
                    
                </a></h5>
            <p class="product-item-price ">
                <span class="price-before-discount">
				</span>
                <strong class="price">58,90 Kč</strong>

            </p>
            <p class="product-item-unit">
                    (<strong class="price">147,30 Kč</strong> / kg)
            </p>
                        <div class="product-list-rating">
            </div>
<div id="snippet-productList-buy-11143-quantity">        <div class="product-quantity-control">
            <form action="/hotova-jidla" method="post" class="ajax" id="frm-productList-buy-11143-quantityForm">
                <input type="text" name="quantity" size="3" id="frm-productList-buy-11143-quantityForm-quantity" data-nette-rules='[{"op":":integer","msg":"Množství musí být číslo."}]' value="1" aria-label="počet k přidání">
                <input type="submit" name="_submit" value="Přidat" class="product-quantity-control-submit plus" aria-label="přidat počet do košíku">
            <input type="hidden" name="do" value="productList-buy-11143-quantityForm-submit"><!--[if IE]><input type=IEbug disabled style="display:none"><![endif]-->
</form>

        </div>
</div>
                <p class="product-incart-info accessible">Produkt nemáte v košíku</p>


        </div>

        
    </div>
    <div id="product-append-35342" class="product-item">
        <div class="product-item-flags">
        </div>
        <div class="product-item-image">
                <a data-href="/hotova-jidla?productList-id=35342&amp;do=productList-modal"
                   data-target="productList-productModal"
                   data-product-id="35342"
                   data-product-price="24.9"
                   data-page-title="Dobrá kuchyně Bramborové knedlíky s uzeným masem 320g"
                   data-page-path="/produkt/35342-dobra-kuchyne-bramborove-knedliky-s-uzenym-masem-320g"
                   data-user-id=""
                   aria-hidden="true"
                   data-kosikmodal-onclose="onProductModalDestroy"
                   onclick="kosikAjax.click(this, initModalCarousel(this))">
                    <img src="https://cdn.kosik.cz/content/product/jpg/list/placeholder.jpg" data-src="https://cdn.kosik.cz/content/product/jpg/list/52858.jpg" alt="Dobrá kuchyně Bramborové knedlíky s uzeným masem 320g" class="loading-images loading-image">
                </a>




        </div>
                <div class="product-item-info">
                <h5><a href="javascript:void(0)" aria-label="Dobrá kuchyně Bramborové knedlíky s uzeným masem 320g" data-href="/hotova-jidla?productList-id=35342&amp;do=productList-modal" class="product-name modal-link"
                   data-target="productList-productModal" onclick="kosikAjax.click(this, initModalCarousel(this))">
                    Dobrá kuchyně Bramborové knedlíky s uzeným masem 320g
                    
                </a></h5>
            <p class="product-item-price ">
                <span class="price-before-discount">
				</span>
                <strong class="price">24,90 Kč</strong>

            </p>
            <p class="product-item-unit">
                    (<strong class="price">77,80 Kč</strong> / kg)
            </p>
                        <div class="product-list-rating">
            </div>
<div id="snippet-productList-buy-35342-quantity">        <div class="product-quantity-control">
            <form action="/hotova-jidla" method="post" class="ajax" id="frm-productList-buy-35342-quantityForm">
                <input type="text" name="quantity" size="3" id="frm-productList-buy-35342-quantityForm-quantity" data-nette-rules='[{"op":":integer","msg":"Množství musí být číslo."}]' value="1" aria-label="počet k přidání">
                <input type="submit" name="_submit" value="Přidat" class="product-quantity-control-submit plus" aria-label="přidat počet do košíku">
            <input type="hidden" name="do" value="productList-buy-35342-quantityForm-submit"><!--[if IE]><input type=IEbug disabled style="display:none"><![endif]-->
</form>

        </div>
</div>
                <p class="product-incart-info accessible">Produkt nemáte v košíku</p>


        </div>

        
    </div>
    <div id="product-append-2265" class="product-item">
        <div class="product-item-flags">
        </div>
        <div class="product-item-image">
                <a data-href="/hotova-jidla?productList-id=2265&amp;do=productList-modal"
                   data-target="productList-productModal"
                   data-product-id="2265"
                   data-product-price="64.9"
                   data-page-title="Dr. Oetker Pizza Ristorante  Quattro Formaggi 305g"
                   data-page-path="/produkt/2265-dr-oetker-pizza-ristorante-quattro-formaggi-305g"
                   data-user-id=""
                   aria-hidden="true"
                   data-kosikmodal-onclose="onProductModalDestroy"
                   onclick="kosikAjax.click(this, initModalCarousel(this))">
                    <img src="https://cdn.kosik.cz/content/product/jpg/list/placeholder.jpg" data-src="https://cdn.kosik.cz/content/product/jpg/list/2353.jpg" alt="Dr. Oetker Pizza Ristorante  Quattro Formaggi 305g" class="loading-images loading-image">
                </a>




        </div>
                <div class="product-item-info">
                <h5><a href="javascript:void(0)" aria-label="Dr. Oetker Pizza Ristorante  Quattro Formaggi 305g" data-href="/hotova-jidla?productList-id=2265&amp;do=productList-modal" class="product-name modal-link"
                   data-target="productList-productModal" onclick="kosikAjax.click(this, initModalCarousel(this))">
                    Dr. Oetker Pizza Ristorante  Quattro Formaggi 305g
                    
                </a></h5>
            <p class="product-item-price ">
                <span class="price-before-discount">
				</span>
                <strong class="price">64,90 Kč</strong>

            </p>
            <p class="product-item-unit">
                    (<strong class="price">212,80 Kč</strong> / kg)
            </p>
                        <div class="product-list-rating">
            </div>
<div id="snippet-productList-buy-2265-quantity">        <div class="product-quantity-control">
            <form action="/hotova-jidla" method="post" class="ajax" id="frm-productList-buy-2265-quantityForm">
                <input type="text" name="quantity" size="3" id="frm-productList-buy-2265-quantityForm-quantity" data-nette-rules='[{"op":":integer","msg":"Množství musí být číslo."}]' value="1" aria-label="počet k přidání">
                <input type="submit" name="_submit" value="Přidat" class="product-quantity-control-submit plus" aria-label="přidat počet do košíku">
            <input type="hidden" name="do" value="productList-buy-2265-quantityForm-submit"><!--[if IE]><input type=IEbug disabled style="display:none"><![endif]-->
</form>

        </div>
</div>
                <p class="product-incart-info accessible">Produkt nemáte v košíku</p>


        </div>

        
    </div>
    <div id="product-append-9473" class="product-item">
        <div class="product-item-flags">
        </div>
        <div class="product-item-image">
                <a data-href="/hotova-jidla?productList-id=9473&amp;do=productList-modal"
                   data-target="productList-productModal"
                   data-product-id="9473"
                   data-product-price="24.9"
                   data-page-title="Faho Houskový knedlík kynutý 300g"
                   data-page-path="/produkt/9473-faho-houskovy-knedlik-kynuty-300g"
                   data-user-id=""
                   aria-hidden="true"
                   data-kosikmodal-onclose="onProductModalDestroy"
                   onclick="kosikAjax.click(this, initModalCarousel(this))">
                    <img src="https://cdn.kosik.cz/content/product/jpg/list/placeholder.jpg" data-src="https://cdn.kosik.cz/content/product/jpg/list/20973.jpg" alt="Faho Houskový knedlík kynutý 300g" class="loading-images loading-image">
                </a>




        </div>
                <div class="product-item-info">
                <h5><a href="javascript:void(0)" aria-label="Faho Houskový knedlík kynutý 300g" data-href="/hotova-jidla?productList-id=9473&amp;do=productList-modal" class="product-name modal-link"
                   data-target="productList-productModal" onclick="kosikAjax.click(this, initModalCarousel(this))">
                    Faho Houskový knedlík kynutý 300g
                    
                </a></h5>
            <p class="product-item-price ">
                <span class="price-before-discount">
				</span>
                <strong class="price">24,90 Kč</strong>

            </p>
            <p class="product-item-unit">
                    (<strong class="price">83,00 Kč</strong> / kg)
            </p>
                        <div class="product-list-rating">
            </div>
<div id="snippet-productList-buy-9473-quantity">        <div class="product-quantity-control">
            <form action="/hotova-jidla" method="post" class="ajax" id="frm-productList-buy-9473-quantityForm">
                <input type="text" name="quantity" size="3" id="frm-productList-buy-9473-quantityForm-quantity" data-nette-rules='[{"op":":integer","msg":"Množství musí být číslo."}]' value="1" aria-label="počet k přidání">
                <input type="submit" name="_submit" value="Přidat" class="product-quantity-control-submit plus" aria-label="přidat počet do košíku">
            <input type="hidden" name="do" value="productList-buy-9473-quantityForm-submit"><!--[if IE]><input type=IEbug disabled style="display:none"><![endif]-->
</form>

        </div>
</div>
                <p class="product-incart-info accessible">Produkt nemáte v košíku</p>


        </div>

        
    </div>
    <div id="product-append-9472" class="product-item">
        <div class="product-item-flags">
        </div>
        <div class="product-item-image">
                <a data-href="/hotova-jidla?productList-id=9472&amp;do=productList-modal"
                   data-target="productList-productModal"
                   data-product-id="9472"
                   data-product-price="49.9"
                   data-page-title="Faho Bramborový knedlík 500g"
                   data-page-path="/produkt/9472-faho-bramborovy-knedlik-500g"
                   data-user-id=""
                   aria-hidden="true"
                   data-kosikmodal-onclose="onProductModalDestroy"
                   onclick="kosikAjax.click(this, initModalCarousel(this))">
                    <img src="https://cdn.kosik.cz/content/product/jpg/list/placeholder.jpg" data-src="https://cdn.kosik.cz/content/product/jpg/list/20972.jpg" alt="Faho Bramborový knedlík 500g" class="loading-images loading-image">
                </a>




        </div>
                <div class="product-item-info">
                <h5><a href="javascript:void(0)" aria-label="Faho Bramborový knedlík 500g" data-href="/hotova-jidla?productList-id=9472&amp;do=productList-modal" class="product-name modal-link"
                   data-target="productList-productModal" onclick="kosikAjax.click(this, initModalCarousel(this))">
                    Faho Bramborový knedlík 500g
                    
                </a></h5>
            <p class="product-item-price ">
                <span class="price-before-discount">
				</span>
                <strong class="price">49,90 Kč</strong>

            </p>
            <p class="product-item-unit">
                    (<strong class="price">99,80 Kč</strong> / kg)
            </p>
                        <div class="product-list-rating">
                <span><ul class="rating"><li class="rating-children rating-1 up" data-rating="1"><i class="fa fa-star"></i></li><li class="rating-children rating-2 up" data-rating="2"><i class="fa fa-star"></i></li><li class="rating-children rating-3 up" data-rating="3"><i class="fa fa-star"></i></li><li class="rating-children rating-4 up" data-rating="4"><i class="fa fa-star"></i></li><li class="rating-children rating-5 up" data-rating="5"><i class="fa fa-star"></i></li></ul></span>
            </div>
<div id="snippet-productList-buy-9472-quantity">        <div class="product-quantity-control">
            <form action="/hotova-jidla" method="post" class="ajax" id="frm-productList-buy-9472-quantityForm">
                <input type="text" name="quantity" size="3" id="frm-productList-buy-9472-quantityForm-quantity" data-nette-rules='[{"op":":integer","msg":"Množství musí být číslo."}]' value="1" aria-label="počet k přidání">
                <input type="submit" name="_submit" value="Přidat" class="product-quantity-control-submit plus" aria-label="přidat počet do košíku">
            <input type="hidden" name="do" value="productList-buy-9472-quantityForm-submit"><!--[if IE]><input type=IEbug disabled style="display:none"><![endif]-->
</form>

        </div>
</div>
                <p class="product-incart-info accessible">Produkt nemáte v košíku</p>


        </div>

        
    </div>
    <div id="product-append-35346" class="product-item">
        <div class="product-item-flags">
        </div>
        <div class="product-item-image">
                <a data-href="/hotova-jidla?productList-id=35346&amp;do=productList-modal"
                   data-target="productList-productModal"
                   data-product-id="35346"
                   data-product-price="24.9"
                   data-page-title="Dobrá kuchyně Tvarohové knedlíky jahodové 320g"
                   data-page-path="/produkt/35346-dobra-kuchyne-tvarohove-knedliky-jahodove-320g"
                   data-user-id=""
                   aria-hidden="true"
                   data-kosikmodal-onclose="onProductModalDestroy"
                   onclick="kosikAjax.click(this, initModalCarousel(this))">
                    <img src="https://cdn.kosik.cz/content/product/jpg/list/placeholder.jpg" data-src="https://cdn.kosik.cz/content/product/jpg/list/52862.jpg" alt="Dobrá kuchyně Tvarohové knedlíky jahodové 320g" class="loading-images loading-image">
                </a>




        </div>
                <div class="product-item-info">
                <h5><a href="javascript:void(0)" aria-label="Dobrá kuchyně Tvarohové knedlíky jahodové 320g" data-href="/hotova-jidla?productList-id=35346&amp;do=productList-modal" class="product-name modal-link"
                   data-target="productList-productModal" onclick="kosikAjax.click(this, initModalCarousel(this))">
                    Dobrá kuchyně Tvarohové knedlíky jahodové 320g
                    
                </a></h5>
            <p class="product-item-price ">
                <span class="price-before-discount">
				</span>
                <strong class="price">24,90 Kč</strong>

            </p>
            <p class="product-item-unit">
                    (<strong class="price">77,80 Kč</strong> / kg)
            </p>
                        <div class="product-list-rating">
            </div>
<div id="snippet-productList-buy-35346-quantity">        <div class="product-quantity-control">
            <form action="/hotova-jidla" method="post" class="ajax" id="frm-productList-buy-35346-quantityForm">
                <input type="text" name="quantity" size="3" id="frm-productList-buy-35346-quantityForm-quantity" data-nette-rules='[{"op":":integer","msg":"Množství musí být číslo."}]' value="1" aria-label="počet k přidání">
                <input type="submit" name="_submit" value="Přidat" class="product-quantity-control-submit plus" aria-label="přidat počet do košíku">
            <input type="hidden" name="do" value="productList-buy-35346-quantityForm-submit"><!--[if IE]><input type=IEbug disabled style="display:none"><![endif]-->
</form>

        </div>
</div>
                <p class="product-incart-info accessible">Produkt nemáte v košíku</p>


        </div>

        
    </div>
    <div id="product-append-2264" class="product-item">
        <div class="product-item-flags">
        </div>
        <div class="product-item-image">
                <a data-href="/hotova-jidla?productList-id=2264&amp;do=productList-modal"
                   data-target="productList-productModal"
                   data-product-id="2264"
                   data-product-price="64.9"
                   data-page-title="Dr. Oetker Pizza Ristorante  Prosciutto 340g"
                   data-page-path="/produkt/2264-dr-oetker-pizza-ristorante-prosciutto-340g"
                   data-user-id=""
                   aria-hidden="true"
                   data-kosikmodal-onclose="onProductModalDestroy"
                   onclick="kosikAjax.click(this, initModalCarousel(this))">
                    <img src="https://cdn.kosik.cz/content/product/jpg/list/placeholder.jpg" data-src="https://cdn.kosik.cz/content/product/jpg/list/2352.jpg" alt="Dr. Oetker Pizza Ristorante  Prosciutto 340g" class="loading-images loading-image">
                </a>




        </div>
                <div class="product-item-info">
                <h5><a href="javascript:void(0)" aria-label="Dr. Oetker Pizza Ristorante  Prosciutto 340g" data-href="/hotova-jidla?productList-id=2264&amp;do=productList-modal" class="product-name modal-link"
                   data-target="productList-productModal" onclick="kosikAjax.click(this, initModalCarousel(this))">
                    Dr. Oetker Pizza Ristorante  Prosciutto 340g
                    
                </a></h5>
            <p class="product-item-price ">
                <span class="price-before-discount">
				</span>
                <strong class="price">64,90 Kč</strong>

            </p>
            <p class="product-item-unit">
                    (<strong class="price">190,90 Kč</strong> / kg)
            </p>
                        <div class="product-list-rating">
                <span><ul class="rating"><li class="rating-children rating-1 up" data-rating="1"><i class="fa fa-star"></i></li><li class="rating-children rating-2 up" data-rating="2"><i class="fa fa-star"></i></li><li class="rating-children rating-3 up" data-rating="3"><i class="fa fa-star"></i></li><li class="rating-children rating-4 up" data-rating="4"><i class="fa fa-star"></i></li><li class="rating-children rating-5 up" data-rating="5"><i class="fa fa-star"></i></li></ul></span>
            </div>
<div id="snippet-productList-buy-2264-quantity">        <div class="product-quantity-control">
            <form action="/hotova-jidla" method="post" class="ajax" id="frm-productList-buy-2264-quantityForm">
                <input type="text" name="quantity" size="3" id="frm-productList-buy-2264-quantityForm-quantity" data-nette-rules='[{"op":":integer","msg":"Množství musí být číslo."}]' value="1" aria-label="počet k přidání">
                <input type="submit" name="_submit" value="Přidat" class="product-quantity-control-submit plus" aria-label="přidat počet do košíku">
            <input type="hidden" name="do" value="productList-buy-2264-quantityForm-submit"><!--[if IE]><input type=IEbug disabled style="display:none"><![endif]-->
</form>

        </div>
</div>
                <p class="product-incart-info accessible">Produkt nemáte v košíku</p>


        </div>

        
    </div>
    <div id="product-append-12900" class="product-item">
        <div class="product-item-flags">
        </div>
        <div class="product-item-image">
                <a data-href="/hotova-jidla?productList-id=12900&amp;do=productList-modal"
                   data-target="productList-productModal"
                   data-product-id="12900"
                   data-product-price="44.9"
                   data-page-title="Pata Gnocco Gnocchi di Patate 500g"
                   data-page-path="/produkt/12900-pata-gnocco-gnocchi-di-patate-500g"
                   data-user-id=""
                   aria-hidden="true"
                   data-kosikmodal-onclose="onProductModalDestroy"
                   onclick="kosikAjax.click(this, initModalCarousel(this))">
                    <img src="https://cdn.kosik.cz/content/product/jpg/list/placeholder.jpg" data-src="https://cdn.kosik.cz/content/product/jpg/list/30259.jpg" alt="Pata Gnocco Gnocchi di Patate 500g" class="loading-images loading-image">
                </a>




        </div>
                <div class="product-item-info">
                <h5><a href="javascript:void(0)" aria-label="Pata Gnocco Gnocchi di Patate 500g" data-href="/hotova-jidla?productList-id=12900&amp;do=productList-modal" class="product-name modal-link"
                   data-target="productList-productModal" onclick="kosikAjax.click(this, initModalCarousel(this))">
                    Pata Gnocco Gnocchi di Patate 500g
                    
                </a></h5>
            <p class="product-item-price ">
                <span class="price-before-discount">
				</span>
                <strong class="price">44,90 Kč</strong>

            </p>
            <p class="product-item-unit">
                    (<strong class="price">89,80 Kč</strong> / kg)
            </p>
                        <div class="product-list-rating">
            </div>
<div id="snippet-productList-buy-12900-quantity">        <div class="product-quantity-control">
            <form action="/hotova-jidla" method="post" class="ajax" id="frm-productList-buy-12900-quantityForm">
                <input type="text" name="quantity" size="3" id="frm-productList-buy-12900-quantityForm-quantity" data-nette-rules='[{"op":":integer","msg":"Množství musí být číslo."}]' value="1" aria-label="počet k přidání">
                <input type="submit" name="_submit" value="Přidat" class="product-quantity-control-submit plus" aria-label="přidat počet do košíku">
            <input type="hidden" name="do" value="productList-buy-12900-quantityForm-submit"><!--[if IE]><input type=IEbug disabled style="display:none"><![endif]-->
</form>

        </div>
</div>
                <p class="product-incart-info accessible">Produkt nemáte v košíku</p>


        </div>

        
    </div>
    <div id="product-append-427" class="product-item">
        <div class="product-item-flags">
        </div>
        <div class="product-item-image">
                <a data-href="/hotova-jidla?productList-id=427&amp;do=productList-modal"
                   data-target="productList-productModal"
                   data-product-id="427"
                   data-product-price="19.9"
                   data-page-title="Beskyd Coleslaw zelný salát s mrkví 200g"
                   data-page-path="/produkt/427-beskyd-coleslaw-zelny-salat-s-mrkvi-200g"
                   data-user-id=""
                   aria-hidden="true"
                   data-kosikmodal-onclose="onProductModalDestroy"
                   onclick="kosikAjax.click(this, initModalCarousel(this))">
                    <img src="https://cdn.kosik.cz/content/product/jpg/list/placeholder.jpg" data-src="https://cdn.kosik.cz/content/product/jpg/list/454.jpg" alt="Beskyd Coleslaw zelný salát s mrkví 200g" class="loading-images loading-image">
                </a>




        </div>
                <div class="product-item-info">
                <h5><a href="javascript:void(0)" aria-label="Beskyd Coleslaw zelný salát s mrkví 200g" data-href="/hotova-jidla?productList-id=427&amp;do=productList-modal" class="product-name modal-link"
                   data-target="productList-productModal" onclick="kosikAjax.click(this, initModalCarousel(this))">
                    Beskyd Coleslaw zelný salát s mrkví 200g
                    
                </a></h5>
            <p class="product-item-price ">
                <span class="price-before-discount">
				</span>
                <strong class="price">19,90 Kč</strong>

            </p>
            <p class="product-item-unit">
                    (<strong class="price">99,50 Kč</strong> / kg)
            </p>
                        <div class="product-list-rating">
            </div>
<div id="snippet-productList-buy-427-quantity">        <div class="product-quantity-control">
            <form action="/hotova-jidla" method="post" class="ajax" id="frm-productList-buy-427-quantityForm">
                <input type="text" name="quantity" size="3" id="frm-productList-buy-427-quantityForm-quantity" data-nette-rules='[{"op":":integer","msg":"Množství musí být číslo."}]' value="1" aria-label="počet k přidání">
                <input type="submit" name="_submit" value="Přidat" class="product-quantity-control-submit plus" aria-label="přidat počet do košíku">
            <input type="hidden" name="do" value="productList-buy-427-quantityForm-submit"><!--[if IE]><input type=IEbug disabled style="display:none"><![endif]-->
</form>

        </div>
</div>
                <p class="product-incart-info accessible">Produkt nemáte v košíku</p>


        </div>

        
    </div>
    <div id="product-append-49120" class="product-item">
        <div class="product-item-flags">
            <div class="flag-sale ">
                <span class="percents">25<small>&#37;</small></span>
            </div>
        </div>
        <div class="product-item-image">
                <a data-href="/hotova-jidla?productList-id=49120&amp;do=productList-modal"
                   data-target="productList-productModal"
                   data-product-id="49120"
                   data-product-price="125"
                   data-page-title="Asia Style Tom Yum Goong 420g"
                   data-page-path="/produkt/49120-asia-style-tom-yum-goong-420g"
                   data-user-id=""
                   aria-hidden="true"
                   data-kosikmodal-onclose="onProductModalDestroy"
                   onclick="kosikAjax.click(this, initModalCarousel(this))">
                    <img src="https://cdn.kosik.cz/content/product/jpg/list/placeholder.jpg" data-src="https://cdn.kosik.cz/content/product/jpg/list/66677.jpg" alt="Asia Style Tom Yum Goong 420g" class="loading-images loading-image">
                </a>




        </div>
                <div class="product-item-info">
                <h5><a href="javascript:void(0)" aria-label="Asia Style Tom Yum Goong 420g" data-href="/hotova-jidla?productList-id=49120&amp;do=productList-modal" class="product-name modal-link"
                   data-target="productList-productModal" onclick="kosikAjax.click(this, initModalCarousel(this))">
                    Asia Style Tom Yum Goong 420g
                    
                </a></h5>
            <p class="product-item-price product-in-discount">
                <span class="price-before-discount">
					<span><strong class="price">125,00 Kč</strong></span>
				</span>
                <strong class="price">93,90 Kč</strong>

            </p>
            <p class="product-item-unit">
                    (<strong class="price">223,60 Kč</strong> / kg)
            </p>
                        <div class="product-list-rating">
                <span><ul class="rating"><li class="rating-children rating-1 up" data-rating="1"><i class="fa fa-star"></i></li><li class="rating-children rating-2 up" data-rating="2"><i class="fa fa-star"></i></li><li class="rating-children rating-3 up" data-rating="3"><i class="fa fa-star"></i></li><li class="rating-children rating-4 up" data-rating="4"><i class="fa fa-star"></i></li><li class="rating-children rating-5 up" data-rating="5"><i class="fa fa-star"></i></li></ul></span>
            </div>
<div id="snippet-productList-buy-49120-quantity">        <div class="product-quantity-control">
            <form action="/hotova-jidla" method="post" class="ajax" id="frm-productList-buy-49120-quantityForm">
                <input type="text" name="quantity" size="3" id="frm-productList-buy-49120-quantityForm-quantity" data-nette-rules='[{"op":":integer","msg":"Množství musí být číslo."}]' value="1" aria-label="počet k přidání">
                <input type="submit" name="_submit" value="Přidat" class="product-quantity-control-submit plus" aria-label="přidat počet do košíku">
            <input type="hidden" name="do" value="productList-buy-49120-quantityForm-submit"><!--[if IE]><input type=IEbug disabled style="display:none"><![endif]-->
</form>

        </div>
</div>
                <p class="product-incart-info accessible">Produkt nemáte v košíku</p>


        </div>

        
    </div>
    <div id="product-append-3538" class="product-item">
        <div class="product-item-flags">
        </div>
        <div class="product-item-image">
                <a data-href="/hotova-jidla?productList-id=3538&amp;do=productList-modal"
                   data-target="productList-productModal"
                   data-product-id="3538"
                   data-product-price="49.9"
                   data-page-title="Brick Dršťková polévka pikant 650g"
                   data-page-path="/produkt/3538-brick-drstkova-polevka-pikant-650g"
                   data-user-id=""
                   aria-hidden="true"
                   data-kosikmodal-onclose="onProductModalDestroy"
                   onclick="kosikAjax.click(this, initModalCarousel(this))">
                    <img src="https://cdn.kosik.cz/content/product/jpg/list/placeholder.jpg" data-src="https://cdn.kosik.cz/content/product/jpg/list/3670.jpg" alt="Brick Dršťková polévka pikant 650g" class="loading-images loading-image">
                </a>




        </div>
                <div class="product-item-info">
                <h5><a href="javascript:void(0)" aria-label="Brick Dršťková polévka pikant 650g" data-href="/hotova-jidla?productList-id=3538&amp;do=productList-modal" class="product-name modal-link"
                   data-target="productList-productModal" onclick="kosikAjax.click(this, initModalCarousel(this))">
                    Brick Dršťková polévka pikant 650g
                    
                </a></h5>
            <p class="product-item-price ">
                <span class="price-before-discount">
				</span>
                <strong class="price">49,90 Kč</strong>

            </p>
            <p class="product-item-unit">
                    (<strong class="price">76,80 Kč</strong> / kg)
            </p>
                        <div class="product-list-rating">
            </div>
<div id="snippet-productList-buy-3538-quantity">        <div class="product-quantity-control">
            <form action="/hotova-jidla" method="post" class="ajax" id="frm-productList-buy-3538-quantityForm">
                <input type="text" name="quantity" size="3" id="frm-productList-buy-3538-quantityForm-quantity" data-nette-rules='[{"op":":integer","msg":"Množství musí být číslo."}]' value="1" aria-label="počet k přidání">
                <input type="submit" name="_submit" value="Přidat" class="product-quantity-control-submit plus" aria-label="přidat počet do košíku">
            <input type="hidden" name="do" value="productList-buy-3538-quantityForm-submit"><!--[if IE]><input type=IEbug disabled style="display:none"><![endif]-->
</form>

        </div>
</div>
                <p class="product-incart-info accessible">Produkt nemáte v košíku</p>


        </div>

        
    </div>
    <div id="product-append-29793" class="product-item">
        <div class="product-item-flags">
        </div>
        <div class="product-item-image">
                <a data-href="/hotova-jidla?productList-id=29793&amp;do=productList-modal"
                   data-target="productList-productModal"
                   data-product-id="29793"
                   data-product-price="44.9"
                   data-page-title="Faho Halušky 300g"
                   data-page-path="/produkt/29793-faho-halusky-300g"
                   data-user-id=""
                   aria-hidden="true"
                   data-kosikmodal-onclose="onProductModalDestroy"
                   onclick="kosikAjax.click(this, initModalCarousel(this))">
                    <img src="https://cdn.kosik.cz/content/product/jpg/list/placeholder.jpg" data-src="https://cdn.kosik.cz/content/product/jpg/list/47181.jpg" alt="Faho Halušky 300g" class="loading-images loading-image">
                </a>




        </div>
                <div class="product-item-info">
                <h5><a href="javascript:void(0)" aria-label="Faho Halušky 300g" data-href="/hotova-jidla?productList-id=29793&amp;do=productList-modal" class="product-name modal-link"
                   data-target="productList-productModal" onclick="kosikAjax.click(this, initModalCarousel(this))">
                    Faho Halušky 300g
                    
                </a></h5>
            <p class="product-item-price ">
                <span class="price-before-discount">
				</span>
                <strong class="price">44,90 Kč</strong>

            </p>
            <p class="product-item-unit">
                    (<strong class="price">149,70 Kč</strong> / kg)
            </p>
                        <div class="product-list-rating">
            </div>
<div id="snippet-productList-buy-29793-quantity">        <div class="product-quantity-control">
            <form action="/hotova-jidla" method="post" class="ajax" id="frm-productList-buy-29793-quantityForm">
                <input type="text" name="quantity" size="3" id="frm-productList-buy-29793-quantityForm-quantity" data-nette-rules='[{"op":":integer","msg":"Množství musí být číslo."}]' value="1" aria-label="počet k přidání">
                <input type="submit" name="_submit" value="Přidat" class="product-quantity-control-submit plus" aria-label="přidat počet do košíku">
            <input type="hidden" name="do" value="productList-buy-29793-quantityForm-submit"><!--[if IE]><input type=IEbug disabled style="display:none"><![endif]-->
</form>

        </div>
</div>
                <p class="product-incart-info accessible">Produkt nemáte v košíku</p>


        </div>

        
    </div>
    <div id="product-append-49118" class="product-item">
        <div class="product-item-flags">
            <div class="flag-sale ">
                <span class="percents">29<small>&#37;</small></span>
            </div>
        </div>
        <div class="product-item-image">
                <a data-href="/hotova-jidla?productList-id=49118&amp;do=productList-modal"
                   data-target="productList-productModal"
                   data-product-id="49118"
                   data-product-price="99"
                   data-page-title="Asia Style Yellow Curry 420g"
                   data-page-path="/produkt/49118-asia-style-yellow-curry-420g"
                   data-user-id=""
                   aria-hidden="true"
                   data-kosikmodal-onclose="onProductModalDestroy"
                   onclick="kosikAjax.click(this, initModalCarousel(this))">
                    <img src="https://cdn.kosik.cz/content/product/jpg/list/placeholder.jpg" data-src="https://cdn.kosik.cz/content/product/jpg/list/66675.jpg" alt="Asia Style Yellow Curry 420g" class="loading-images loading-image">
                </a>




        </div>
                <div class="product-item-info">
                <h5><a href="javascript:void(0)" aria-label="Asia Style Yellow Curry 420g" data-href="/hotova-jidla?productList-id=49118&amp;do=productList-modal" class="product-name modal-link"
                   data-target="productList-productModal" onclick="kosikAjax.click(this, initModalCarousel(this))">
                    Asia Style Yellow Curry 420g
                    
                </a></h5>
            <p class="product-item-price product-in-discount">
                <span class="price-before-discount">
					<span><strong class="price">99,00 Kč</strong></span>
				</span>
                <strong class="price">69,90 Kč</strong>

            </p>
            <p class="product-item-unit">
                    (<strong class="price">166,40 Kč</strong> / kg)
            </p>
                        <div class="product-list-rating">
                <span><ul class="rating"><li class="rating-children rating-1 up" data-rating="1"><i class="fa fa-star"></i></li><li class="rating-children rating-2 up" data-rating="2"><i class="fa fa-star"></i></li><li class="rating-children rating-3 up" data-rating="3"><i class="fa fa-star"></i></li><li class="rating-children rating-4 up" data-rating="4"><i class="fa fa-star"></i></li><li class="rating-children rating-5 up" data-rating="5"><i class="fa fa-star"></i></li></ul></span>
            </div>
<div id="snippet-productList-buy-49118-quantity">        <div class="product-quantity-control">
            <form action="/hotova-jidla" method="post" class="ajax" id="frm-productList-buy-49118-quantityForm">
                <input type="text" name="quantity" size="3" id="frm-productList-buy-49118-quantityForm-quantity" data-nette-rules='[{"op":":integer","msg":"Množství musí být číslo."}]' value="1" aria-label="počet k přidání">
                <input type="submit" name="_submit" value="Přidat" class="product-quantity-control-submit plus" aria-label="přidat počet do košíku">
            <input type="hidden" name="do" value="productList-buy-49118-quantityForm-submit"><!--[if IE]><input type=IEbug disabled style="display:none"><![endif]-->
</form>

        </div>
</div>
                <p class="product-incart-info accessible">Produkt nemáte v košíku</p>


        </div>

        
    </div>
    <div id="product-append-7999" class="product-item">
        <div class="product-item-flags">
        </div>
        <div class="product-item-image">
                <a data-href="/hotova-jidla?productList-id=7999&amp;do=productList-modal"
                   data-target="productList-productModal"
                   data-product-id="7999"
                   data-product-price="59.9"
                   data-page-title="Vodňanské kuře Uzená kuřecí stehna vakuovaná 2x210g"
                   data-page-path="/produkt/7999-vodnanske-kure-uzena-kureci-stehna-vakuovana-2x210g"
                   data-user-id=""
                   aria-hidden="true"
                   data-kosikmodal-onclose="onProductModalDestroy"
                   onclick="kosikAjax.click(this, initModalCarousel(this))">
                    <img src="https://cdn.kosik.cz/content/product/jpg/list/placeholder.jpg" data-src="https://cdn.kosik.cz/content/product/jpg/list/13542.jpg" alt="Vodňanské kuře Uzená kuřecí stehna vakuovaná 2x210g" class="loading-images loading-image">
                </a>




        </div>
                <div class="product-item-info">
                <h5><a href="javascript:void(0)" aria-label="Vodňanské kuře Uzená kuřecí stehna vakuovaná 2x210g" data-href="/hotova-jidla?productList-id=7999&amp;do=productList-modal" class="product-name modal-link"
                   data-target="productList-productModal" onclick="kosikAjax.click(this, initModalCarousel(this))">
                    Vodňanské kuře Uzená kuřecí stehna vakuovaná 2x210g
                    
                </a></h5>
            <p class="product-item-price ">
                <span class="price-before-discount">
				</span>
                <strong class="price">59,90 Kč</strong>

            </p>
            <p class="product-item-unit">
                    (<strong class="price">142,60 Kč</strong> / kg)
            </p>
                        <div class="product-list-rating">
            </div>
<div id="snippet-productList-buy-7999-quantity">        <div class="product-quantity-control">
            <form action="/hotova-jidla" method="post" class="ajax" id="frm-productList-buy-7999-quantityForm">
                <input type="text" name="quantity" size="3" id="frm-productList-buy-7999-quantityForm-quantity" data-nette-rules='[{"op":":integer","msg":"Množství musí být číslo."}]' value="1" aria-label="počet k přidání">
                <input type="submit" name="_submit" value="Přidat" class="product-quantity-control-submit plus" aria-label="přidat počet do košíku">
            <input type="hidden" name="do" value="productList-buy-7999-quantityForm-submit"><!--[if IE]><input type=IEbug disabled style="display:none"><![endif]-->
</form>

        </div>
</div>
                <p class="product-incart-info accessible">Produkt nemáte v košíku</p>


        </div>

        
    </div>
    <div id="product-append-18011" class="product-item">
        <div class="product-item-flags">
        </div>
        <div class="product-item-image">
                <a data-href="/hotova-jidla?productList-id=18011&amp;do=productList-modal"
                   data-target="productList-productModal"
                   data-product-id="18011"
                   data-product-price="37.9"
                   data-page-title="UGO Pomeranč 100% 0,25l"
                   data-page-path="/produkt/18011-ugo-pomeranc-100-0-25l"
                   data-user-id=""
                   aria-hidden="true"
                   data-kosikmodal-onclose="onProductModalDestroy"
                   onclick="kosikAjax.click(this, initModalCarousel(this))">
                    <img src="https://cdn.kosik.cz/content/product/jpg/list/placeholder.jpg" data-src="https://cdn.kosik.cz/content/product/jpg/list/35267.jpg" alt="UGO Pomeranč 100% 0,25l" class="loading-images loading-image">
                </a>




        </div>
                <div class="product-item-info">
                <h5><a href="javascript:void(0)" aria-label="UGO Pomeranč 100% 0,25l" data-href="/hotova-jidla?productList-id=18011&amp;do=productList-modal" class="product-name modal-link"
                   data-target="productList-productModal" onclick="kosikAjax.click(this, initModalCarousel(this))">
                    UGO Pomeranč 100% 0,25l
                    
                </a></h5>
            <p class="product-item-price ">
                <span class="price-before-discount">
				</span>
                <strong class="price">37,90 Kč</strong>

            </p>
            <p class="product-item-unit">
                    (<strong class="price">151,60 Kč</strong> / l)
            </p>
                        <div class="product-list-rating">
            </div>
<div id="snippet-productList-buy-18011-quantity">        <div class="product-quantity-control">
            <form action="/hotova-jidla" method="post" class="ajax" id="frm-productList-buy-18011-quantityForm">
                <input type="text" name="quantity" size="3" id="frm-productList-buy-18011-quantityForm-quantity" data-nette-rules='[{"op":":integer","msg":"Množství musí být číslo."}]' value="1" aria-label="počet k přidání">
                <input type="submit" name="_submit" value="Přidat" class="product-quantity-control-submit plus" aria-label="přidat počet do košíku">
            <input type="hidden" name="do" value="productList-buy-18011-quantityForm-submit"><!--[if IE]><input type=IEbug disabled style="display:none"><![endif]-->
</form>

        </div>
</div>
                <p class="product-incart-info accessible">Produkt nemáte v košíku</p>


        </div>

        
    </div>
    <div id="product-append-35347" class="product-item">
        <div class="product-item-flags">
        </div>
        <div class="product-item-image">
                <a data-href="/hotova-jidla?productList-id=35347&amp;do=productList-modal"
                   data-target="productList-productModal"
                   data-product-id="35347"
                   data-product-price="24.9"
                   data-page-title="Dobrá kuchyně Tvarohové knedlíky boruvkové 320g"
                   data-page-path="/produkt/35347-dobra-kuchyne-tvarohove-knedliky-boruvkove-320g"
                   data-user-id=""
                   aria-hidden="true"
                   data-kosikmodal-onclose="onProductModalDestroy"
                   onclick="kosikAjax.click(this, initModalCarousel(this))">
                    <img src="https://cdn.kosik.cz/content/product/jpg/list/placeholder.jpg" data-src="https://cdn.kosik.cz/content/product/jpg/list/52863.jpg" alt="Dobrá kuchyně Tvarohové knedlíky boruvkové 320g" class="loading-images loading-image">
                </a>




        </div>
                <div class="product-item-info">
                <h5><a href="javascript:void(0)" aria-label="Dobrá kuchyně Tvarohové knedlíky boruvkové 320g" data-href="/hotova-jidla?productList-id=35347&amp;do=productList-modal" class="product-name modal-link"
                   data-target="productList-productModal" onclick="kosikAjax.click(this, initModalCarousel(this))">
                    Dobrá kuchyně Tvarohové knedlíky boruvkové 320g
                    
                </a></h5>
            <p class="product-item-price ">
                <span class="price-before-discount">
				</span>
                <strong class="price">24,90 Kč</strong>

            </p>
            <p class="product-item-unit">
                    (<strong class="price">77,80 Kč</strong> / kg)
            </p>
                        <div class="product-list-rating">
            </div>
<div id="snippet-productList-buy-35347-quantity">        <div class="product-quantity-control">
            <form action="/hotova-jidla" method="post" class="ajax" id="frm-productList-buy-35347-quantityForm">
                <input type="text" name="quantity" size="3" id="frm-productList-buy-35347-quantityForm-quantity" data-nette-rules='[{"op":":integer","msg":"Množství musí být číslo."}]' value="1" aria-label="počet k přidání">
                <input type="submit" name="_submit" value="Přidat" class="product-quantity-control-submit plus" aria-label="přidat počet do košíku">
            <input type="hidden" name="do" value="productList-buy-35347-quantityForm-submit"><!--[if IE]><input type=IEbug disabled style="display:none"><![endif]-->
</form>

        </div>
</div>
                <p class="product-incart-info accessible">Produkt nemáte v košíku</p>


        </div>

        
    </div>
    <div id="product-append-2260" class="product-item">
        <div class="product-item-flags">
        </div>
        <div class="product-item-image">
                <a data-href="/hotova-jidla?productList-id=2260&amp;do=productList-modal"
                   data-target="productList-productModal"
                   data-product-id="2260"
                   data-product-price="64.9"
                   data-page-title="Dr. Oetker Pizza Ristorante  Hawaii 340g"
                   data-page-path="/produkt/2260-dr-oetker-pizza-ristorante-hawaii-340g"
                   data-user-id=""
                   aria-hidden="true"
                   data-kosikmodal-onclose="onProductModalDestroy"
                   onclick="kosikAjax.click(this, initModalCarousel(this))">
                    <img src="https://cdn.kosik.cz/content/product/jpg/list/placeholder.jpg" data-src="https://cdn.kosik.cz/content/product/jpg/list/2348.jpg" alt="Dr. Oetker Pizza Ristorante  Hawaii 340g" class="loading-images loading-image">
                </a>




        </div>
                <div class="product-item-info">
                <h5><a href="javascript:void(0)" aria-label="Dr. Oetker Pizza Ristorante  Hawaii 340g" data-href="/hotova-jidla?productList-id=2260&amp;do=productList-modal" class="product-name modal-link"
                   data-target="productList-productModal" onclick="kosikAjax.click(this, initModalCarousel(this))">
                    Dr. Oetker Pizza Ristorante  Hawaii 340g
                    
                </a></h5>
            <p class="product-item-price ">
                <span class="price-before-discount">
				</span>
                <strong class="price">64,90 Kč</strong>

            </p>
            <p class="product-item-unit">
                    (<strong class="price">190,90 Kč</strong> / kg)
            </p>
                        <div class="product-list-rating">
            </div>
<div id="snippet-productList-buy-2260-quantity">        <div class="product-quantity-control">
            <form action="/hotova-jidla" method="post" class="ajax" id="frm-productList-buy-2260-quantityForm">
                <input type="text" name="quantity" size="3" id="frm-productList-buy-2260-quantityForm-quantity" data-nette-rules='[{"op":":integer","msg":"Množství musí být číslo."}]' value="1" aria-label="počet k přidání">
                <input type="submit" name="_submit" value="Přidat" class="product-quantity-control-submit plus" aria-label="přidat počet do košíku">
            <input type="hidden" name="do" value="productList-buy-2260-quantityForm-submit"><!--[if IE]><input type=IEbug disabled style="display:none"><![endif]-->
</form>

        </div>
</div>
                <p class="product-incart-info accessible">Produkt nemáte v košíku</p>


        </div>

        
    </div>
    <div id="product-append-3540" class="product-item">
        <div class="product-item-flags">
        </div>
        <div class="product-item-image">
                <a data-href="/hotova-jidla?productList-id=3540&amp;do=productList-modal"
                   data-target="productList-productModal"
                   data-product-id="3540"
                   data-product-price="49.9"
                   data-page-title="Brick Zabíjačková polévka 650g"
                   data-page-path="/produkt/3540-brick-zabijackova-polevka-650g"
                   data-user-id=""
                   aria-hidden="true"
                   data-kosikmodal-onclose="onProductModalDestroy"
                   onclick="kosikAjax.click(this, initModalCarousel(this))">
                    <img src="https://cdn.kosik.cz/content/product/jpg/list/placeholder.jpg" data-src="https://cdn.kosik.cz/content/product/jpg/list/3672.jpg" alt="Brick Zabíjačková polévka 650g" class="loading-images loading-image">
                </a>




        </div>
                <div class="product-item-info">
                <h5><a href="javascript:void(0)" aria-label="Brick Zabíjačková polévka 650g" data-href="/hotova-jidla?productList-id=3540&amp;do=productList-modal" class="product-name modal-link"
                   data-target="productList-productModal" onclick="kosikAjax.click(this, initModalCarousel(this))">
                    Brick Zabíjačková polévka 650g
                    
                </a></h5>
            <p class="product-item-price ">
                <span class="price-before-discount">
				</span>
                <strong class="price">49,90 Kč</strong>

            </p>
            <p class="product-item-unit">
                    (<strong class="price">76,80 Kč</strong> / kg)
            </p>
                        <div class="product-list-rating">
            </div>
<div id="snippet-productList-buy-3540-quantity">        <div class="product-quantity-control">
            <form action="/hotova-jidla" method="post" class="ajax" id="frm-productList-buy-3540-quantityForm">
                <input type="text" name="quantity" size="3" id="frm-productList-buy-3540-quantityForm-quantity" data-nette-rules='[{"op":":integer","msg":"Množství musí být číslo."}]' value="1" aria-label="počet k přidání">
                <input type="submit" name="_submit" value="Přidat" class="product-quantity-control-submit plus" aria-label="přidat počet do košíku">
            <input type="hidden" name="do" value="productList-buy-3540-quantityForm-submit"><!--[if IE]><input type=IEbug disabled style="display:none"><![endif]-->
</form>

        </div>
</div>
                <p class="product-incart-info accessible">Produkt nemáte v košíku</p>


        </div>

        
    </div>
    <div id="product-append-14048" class="product-item">
        <div class="product-item-flags">
        </div>
        <div class="product-item-image">
                <a data-href="/hotova-jidla?productList-id=14048&amp;do=productList-modal"
                   data-target="productList-productModal"
                   data-product-id="14048"
                   data-product-price="74.9"
                   data-page-title="Apetit Svíčková na smetaně, houskový knedlík 510g"
                   data-page-path="/produkt/14048-apetit-svickova-na-smetane-houskovy-knedlik-510g"
                   data-user-id=""
                   aria-hidden="true"
                   data-kosikmodal-onclose="onProductModalDestroy"
                   onclick="kosikAjax.click(this, initModalCarousel(this))">
                    <img src="https://cdn.kosik.cz/content/product/jpg/list/placeholder.jpg" data-src="https://cdn.kosik.cz/content/product/jpg/list/31301.jpg" alt="Apetit Svíčková na smetaně, houskový knedlík 510g" class="loading-images loading-image">
                </a>




        </div>
                <div class="product-item-info">
                <h5><a href="javascript:void(0)" aria-label="Apetit Svíčková na smetaně, houskový knedlík 510g" data-href="/hotova-jidla?productList-id=14048&amp;do=productList-modal" class="product-name modal-link"
                   data-target="productList-productModal" onclick="kosikAjax.click(this, initModalCarousel(this))">
                    Apetit Svíčková na smetaně, houskový knedlík 510g
                    
                </a></h5>
            <p class="product-item-price ">
                <span class="price-before-discount">
				</span>
                <strong class="price">74,90 Kč</strong>

            </p>
            <p class="product-item-unit">
                    (<strong class="price">146,90 Kč</strong> / kg)
            </p>
                        <div class="product-list-rating">
                <span><ul class="rating"><li class="rating-children rating-1 up" data-rating="1"><i class="fa fa-star"></i></li><li class="rating-children rating-2 up" data-rating="2"><i class="fa fa-star"></i></li><li class="rating-children rating-3 up" data-rating="3"><i class="fa fa-star"></i></li><li class="rating-children rating-4 up" data-rating="4"><i class="fa fa-star"></i></li><li class="rating-children rating-5 up" data-rating="5"><i class="fa fa-star"></i></li></ul></span>
            </div>
<div id="snippet-productList-buy-14048-quantity">        <div class="product-quantity-control">
            <form action="/hotova-jidla" method="post" class="ajax" id="frm-productList-buy-14048-quantityForm">
                <input type="text" name="quantity" size="3" id="frm-productList-buy-14048-quantityForm-quantity" data-nette-rules='[{"op":":integer","msg":"Množství musí být číslo."}]' value="1" aria-label="počet k přidání">
                <input type="submit" name="_submit" value="Přidat" class="product-quantity-control-submit plus" aria-label="přidat počet do košíku">
            <input type="hidden" name="do" value="productList-buy-14048-quantityForm-submit"><!--[if IE]><input type=IEbug disabled style="display:none"><![endif]-->
</form>

        </div>
</div>
                <p class="product-incart-info accessible">Produkt nemáte v košíku</p>


        </div>

        
    </div>
    <div id="product-append-9474" class="product-item">
        <div class="product-item-flags">
        </div>
        <div class="product-item-image">
                <a data-href="/hotova-jidla?productList-id=9474&amp;do=productList-modal"
                   data-target="productList-productModal"
                   data-product-id="9474"
                   data-product-price="74.9"
                   data-page-title="Faho Karlovarský knedlík 500g"
                   data-page-path="/produkt/9474-faho-karlovarsky-knedlik-500g"
                   data-user-id=""
                   aria-hidden="true"
                   data-kosikmodal-onclose="onProductModalDestroy"
                   onclick="kosikAjax.click(this, initModalCarousel(this))">
                    <img src="https://cdn.kosik.cz/content/product/jpg/list/placeholder.jpg" data-src="https://cdn.kosik.cz/content/product/jpg/list/20974.jpg" alt="Faho Karlovarský knedlík 500g" class="loading-images loading-image">
                </a>




        </div>
                <div class="product-item-info">
                <h5><a href="javascript:void(0)" aria-label="Faho Karlovarský knedlík 500g" data-href="/hotova-jidla?productList-id=9474&amp;do=productList-modal" class="product-name modal-link"
                   data-target="productList-productModal" onclick="kosikAjax.click(this, initModalCarousel(this))">
                    Faho Karlovarský knedlík 500g
                    
                </a></h5>
            <p class="product-item-price ">
                <span class="price-before-discount">
				</span>
                <strong class="price">74,90 Kč</strong>

            </p>
            <p class="product-item-unit">
                    (<strong class="price">149,80 Kč</strong> / kg)
            </p>
                        <div class="product-list-rating">
            </div>
<div id="snippet-productList-buy-9474-quantity">        <div class="product-quantity-control">
            <form action="/hotova-jidla" method="post" class="ajax" id="frm-productList-buy-9474-quantityForm">
                <input type="text" name="quantity" size="3" id="frm-productList-buy-9474-quantityForm-quantity" data-nette-rules='[{"op":":integer","msg":"Množství musí být číslo."}]' value="1" aria-label="počet k přidání">
                <input type="submit" name="_submit" value="Přidat" class="product-quantity-control-submit plus" aria-label="přidat počet do košíku">
            <input type="hidden" name="do" value="productList-buy-9474-quantityForm-submit"><!--[if IE]><input type=IEbug disabled style="display:none"><![endif]-->
</form>

        </div>
</div>
                <p class="product-incart-info accessible">Produkt nemáte v košíku</p>


        </div>

        
    </div>
    <div id="product-append-2261" class="product-item">
        <div class="product-item-flags">
        </div>
        <div class="product-item-image">
                <a data-href="/hotova-jidla?productList-id=2261&amp;do=productList-modal"
                   data-target="productList-productModal"
                   data-product-id="2261"
                   data-product-price="64.9"
                   data-page-title="Dr. Oetker Pizza Ristorante Mozzarella 330g"
                   data-page-path="/produkt/2261-dr-oetker-pizza-ristorante-mozzarella-330g"
                   data-user-id=""
                   aria-hidden="true"
                   data-kosikmodal-onclose="onProductModalDestroy"
                   onclick="kosikAjax.click(this, initModalCarousel(this))">
                    <img src="https://cdn.kosik.cz/content/product/jpg/list/placeholder.jpg" data-src="https://cdn.kosik.cz/content/product/jpg/list/2349.jpg" alt="Dr. Oetker Pizza Ristorante Mozzarella 330g" class="loading-images loading-image">
                </a>




        </div>
                <div class="product-item-info">
                <h5><a href="javascript:void(0)" aria-label="Dr. Oetker Pizza Ristorante Mozzarella 330g" data-href="/hotova-jidla?productList-id=2261&amp;do=productList-modal" class="product-name modal-link"
                   data-target="productList-productModal" onclick="kosikAjax.click(this, initModalCarousel(this))">
                    Dr. Oetker Pizza Ristorante Mozzarella 330g
                    
                </a></h5>
            <p class="product-item-price ">
                <span class="price-before-discount">
				</span>
                <strong class="price">64,90 Kč</strong>

            </p>
            <p class="product-item-unit">
                    (<strong class="price">196,70 Kč</strong> / kg)
            </p>
                        <div class="product-list-rating">
            </div>
<div id="snippet-productList-buy-2261-quantity">        <div class="product-quantity-control">
            <form action="/hotova-jidla" method="post" class="ajax" id="frm-productList-buy-2261-quantityForm">
                <input type="text" name="quantity" size="3" id="frm-productList-buy-2261-quantityForm-quantity" data-nette-rules='[{"op":":integer","msg":"Množství musí být číslo."}]' value="1" aria-label="počet k přidání">
                <input type="submit" name="_submit" value="Přidat" class="product-quantity-control-submit plus" aria-label="přidat počet do košíku">
            <input type="hidden" name="do" value="productList-buy-2261-quantityForm-submit"><!--[if IE]><input type=IEbug disabled style="display:none"><![endif]-->
</form>

        </div>
</div>
                <p class="product-incart-info accessible">Produkt nemáte v košíku</p>


        </div>

        
    </div>
    <div id="product-append-11204" class="product-item">
        <div class="product-item-flags">
        </div>
        <div class="product-item-image">
                <a data-href="/hotova-jidla?productList-id=11204&amp;do=productList-modal"
                   data-target="productList-productModal"
                   data-product-id="11204"
                   data-product-price="44.9"
                   data-page-title="Dobroty babičky Kláry Bramborové knedlíky s uzeným masem 320g"
                   data-page-path="/produkt/11204-dobroty-babicky-klary-bramborove-knedliky-s-uzenym-masem-320g"
                   data-user-id=""
                   aria-hidden="true"
                   data-kosikmodal-onclose="onProductModalDestroy"
                   onclick="kosikAjax.click(this, initModalCarousel(this))">
                    <img src="https://cdn.kosik.cz/content/product/jpg/list/placeholder.jpg" data-src="https://cdn.kosik.cz/content/product/jpg/list/28738.jpg" alt="Dobroty babičky Kláry Bramborové knedlíky s uzeným masem 320g" class="loading-images loading-image">
                </a>




        </div>
                <div class="product-item-info">
                <h5><a href="javascript:void(0)" aria-label="Dobroty babičky Kláry Bramborové knedlíky s uzeným masem 320g" data-href="/hotova-jidla?productList-id=11204&amp;do=productList-modal" class="product-name modal-link"
                   data-target="productList-productModal" onclick="kosikAjax.click(this, initModalCarousel(this))">
                    Dobroty babičky Kláry Bramborové knedlíky s uzeným masem 320g
                    
                </a></h5>
            <p class="product-item-price ">
                <span class="price-before-discount">
				</span>
                <strong class="price">44,90 Kč</strong>

            </p>
            <p class="product-item-unit">
                    (<strong class="price">140,30 Kč</strong> / kg)
            </p>
                        <div class="product-list-rating">
            </div>
<div id="snippet-productList-buy-11204-quantity">        <div class="product-quantity-control">
            <form action="/hotova-jidla" method="post" class="ajax" id="frm-productList-buy-11204-quantityForm">
                <input type="text" name="quantity" size="3" id="frm-productList-buy-11204-quantityForm-quantity" data-nette-rules='[{"op":":integer","msg":"Množství musí být číslo."}]' value="1" aria-label="počet k přidání">
                <input type="submit" name="_submit" value="Přidat" class="product-quantity-control-submit plus" aria-label="přidat počet do košíku">
            <input type="hidden" name="do" value="productList-buy-11204-quantityForm-submit"><!--[if IE]><input type=IEbug disabled style="display:none"><![endif]-->
</form>

        </div>
</div>
                <p class="product-incart-info accessible">Produkt nemáte v košíku</p>


        </div>

        
    </div>
    <div id="product-append-2263" class="product-item">
        <div class="product-item-flags">
        </div>
        <div class="product-item-image">
                <a data-href="/hotova-jidla?productList-id=2263&amp;do=productList-modal"
                   data-target="productList-productModal"
                   data-product-id="2263"
                   data-product-price="64.9"
                   data-page-title="Dr. Oetker Pizza Ristorante Pollo 335g"
                   data-page-path="/produkt/2263-dr-oetker-pizza-ristorante-pollo-335g"
                   data-user-id=""
                   aria-hidden="true"
                   data-kosikmodal-onclose="onProductModalDestroy"
                   onclick="kosikAjax.click(this, initModalCarousel(this))">
                    <img src="https://cdn.kosik.cz/content/product/jpg/list/placeholder.jpg" data-src="https://cdn.kosik.cz/content/product/jpg/list/2351.jpg" alt="Dr. Oetker Pizza Ristorante Pollo 335g" class="loading-images loading-image">
                </a>




        </div>
                <div class="product-item-info">
                <h5><a href="javascript:void(0)" aria-label="Dr. Oetker Pizza Ristorante Pollo 335g" data-href="/hotova-jidla?productList-id=2263&amp;do=productList-modal" class="product-name modal-link"
                   data-target="productList-productModal" onclick="kosikAjax.click(this, initModalCarousel(this))">
                    Dr. Oetker Pizza Ristorante Pollo 335g
                    
                </a></h5>
            <p class="product-item-price ">
                <span class="price-before-discount">
				</span>
                <strong class="price">64,90 Kč</strong>

            </p>
            <p class="product-item-unit">
                    (<strong class="price">193,70 Kč</strong> / kg)
            </p>
                        <div class="product-list-rating">
            </div>
<div id="snippet-productList-buy-2263-quantity">        <div class="product-quantity-control">
            <form action="/hotova-jidla" method="post" class="ajax" id="frm-productList-buy-2263-quantityForm">
                <input type="text" name="quantity" size="3" id="frm-productList-buy-2263-quantityForm-quantity" data-nette-rules='[{"op":":integer","msg":"Množství musí být číslo."}]' value="1" aria-label="počet k přidání">
                <input type="submit" name="_submit" value="Přidat" class="product-quantity-control-submit plus" aria-label="přidat počet do košíku">
            <input type="hidden" name="do" value="productList-buy-2263-quantityForm-submit"><!--[if IE]><input type=IEbug disabled style="display:none"><![endif]-->
</form>

        </div>
</div>
                <p class="product-incart-info accessible">Produkt nemáte v košíku</p>


        </div>

        
    </div>
</div>

<div class="kosik-modal-overlay product-modal" id="productList-productModal" role="dialog">
    <div class="kosik-modal-inner large super-scaled" id="snippet-productList-productModalArea">
    </div>
</div>


<div class="kosik-modal-overlay" id="productList-productSetModal" role="dialog">
    <div class="kosik-modal-inner large super-scaled" id="snippet-productList-productSetModalArea">
    </div>
</div>
				</div>
			</div>

		</div>

	</div>



		</div>


		<div class="zone-wrapper zone-postscript-wrapper clearfix" id="footer-fixing-element">
			<div class="zone zone-postscript clearfix">
				<h2 class="hp-brand-carousel-title" style="display: none">Oblíbené značky</h2>
				<div class="region region-brands-carousel">
					<div class="region-inner region-brands-carousel-inner">

												<div>
	<div class="company-box" style="filter: grayscale(100%)" onmouseover="this.style.WebkitFilter='grayscale(0%)'" onmouseout="this.style.WebkitFilter='grayscale(100%)'">
		<a href="/birell-botanicals" aria-label="Birell Botanicals">
			<img style="margin-top: 15%" src="/content/microsites/birell/logo.jpg" alt="Birell Botanicals" aria-hidden="true">
			<div class="company-text" aria-hidden="true">Birell Botanicals</div>
		</a>
	</div>
</div>
												<div>
	<div class="company-box" style="filter: grayscale(100%)" onmouseover="this.style.WebkitFilter='grayscale(0%)'" onmouseout="this.style.WebkitFilter='grayscale(100%)'">
		<a href="/brand/penam" aria-label="Penam">
			<img style="margin-top: 15%" src="https://cdn.kosik.cz/content/brand-logo/png/default/86.png" alt="Penam" aria-hidden="true">
			<div class="company-text" aria-hidden="true">Penam</div>
		</a>
	</div>
</div>
<div>
	<div class="company-box" style="filter: grayscale(100%)" onmouseover="this.style.WebkitFilter='grayscale(0%)'" onmouseout="this.style.WebkitFilter='grayscale(100%)'">
		<a href="/brand/madeta" aria-label="Madeta">
			<img style="margin-top: 15%" src="https://cdn.kosik.cz/content/brand-logo/png/default/101.png" alt="Madeta" aria-hidden="true">
			<div class="company-text" aria-hidden="true">Madeta</div>
		</a>
	</div>
</div>
<div>
	<div class="company-box" style="filter: grayscale(100%)" onmouseover="this.style.WebkitFilter='grayscale(0%)'" onmouseout="this.style.WebkitFilter='grayscale(100%)'">
		<a href="/brand/danone" aria-label="Danone">
			<img style="margin-top: 15%" src="https://cdn.kosik.cz/content/brand-logo/png/default/109.png" alt="Danone" aria-hidden="true">
			<div class="company-text" aria-hidden="true">Danone</div>
		</a>
	</div>
</div>
<div>
	<div class="company-box" style="filter: grayscale(100%)" onmouseover="this.style.WebkitFilter='grayscale(0%)'" onmouseout="this.style.WebkitFilter='grayscale(100%)'">
		<a href="/brand/dr-oetker" aria-label="Dr. Oetker">
			<img style="margin-top: 15%" src="https://cdn.kosik.cz/content/brand-logo/png/default/313.png" alt="Dr. Oetker" aria-hidden="true">
			<div class="company-text" aria-hidden="true">Dr. Oetker</div>
		</a>
	</div>
</div>
<div>
	<div class="company-box" style="filter: grayscale(100%)" onmouseover="this.style.WebkitFilter='grayscale(0%)'" onmouseout="this.style.WebkitFilter='grayscale(100%)'">
		<a href="/brand/pickwick" aria-label="Pickwick">
			<img style="margin-top: 15%" src="https://cdn.kosik.cz/content/brand-logo/png/default/357.png" alt="Pickwick" aria-hidden="true">
			<div class="company-text" aria-hidden="true">Pickwick</div>
		</a>
	</div>
</div>
<div>
	<div class="company-box" style="filter: grayscale(100%)" onmouseover="this.style.WebkitFilter='grayscale(0%)'" onmouseout="this.style.WebkitFilter='grayscale(100%)'">
		<a href="/brand/velkopopovicky-kozel" aria-label="Velkopopovický Kozel">
			<img style="margin-top: 15%" src="https://cdn.kosik.cz/content/brand-logo/png/default/448.png" alt="Velkopopovický Kozel" aria-hidden="true">
			<div class="company-text" aria-hidden="true">Velkopopovický Kozel</div>
		</a>
	</div>
</div>
<div>
	<div class="company-box" style="filter: grayscale(100%)" onmouseover="this.style.WebkitFilter='grayscale(0%)'" onmouseout="this.style.WebkitFilter='grayscale(100%)'">
		<a href="/brand/edeka" aria-label="Edeka">
			<img style="margin-top: 15%" src="https://cdn.kosik.cz/content/brand-logo/png/default/678.png" alt="Edeka" aria-hidden="true">
			<div class="company-text" aria-hidden="true">Edeka</div>
		</a>
	</div>
</div>

					</div>
				</div>
				<div class="region region-subscribe-box">
					<div class="region-inner region-subscribe-box-inner">
						<div class="block block-subscribe-box-logo">
							<a aria-hidden="true" href="/">
								<img src="/css/images/logo-white.svg" alt="Košík.cz">
							</a>
						</div>
						<div class="block block-subscribe-box-social">
							<a href="https://twitter.com/kosikcz" class="twitter" title="Twitter" aria-label="Twitter">
								<i class="fa fa-twitter" aria-hidden="true"></i>
							</a>
							<a href="https://www.facebook.com/kosikcz" title="Facebook" class="facebook" aria-label="Facebook">
								<i class="fa fa-facebook" aria-hidden="true"></i>
							</a>
							<a href="https://www.instagram.com/kosik.cz/" title="Instagram" class="instagram" aria-label="Instagram" >
								<i class="fa fa-instagram" aria-hidden="true"></i>
							</a>
						</div>

<div class="block block-subscribe-email" id="snippet-subscribeMailing-subscribeFormArea">
		<p>Novinky a akční nabídky</p>
		<form action="/hotova-jidla" method="post" class="ajax" id="frm-subscribeMailing-subscribe">
		<label for="frm-subscribeMailing-subscribe-email">Zadejte svůj e-mail</label>
		<input type="text" name="email" placeholder="Zadejte svůj e-mail" id="frm-subscribeMailing-subscribe-email" required data-nette-rules='[{"op":":filled","msg":"E-mail je povinný"},{"op":":email","msg":"E-mail nemá správný formát"}]'>
		<input type="submit" name="_submit" value="Přihlásit" class="subscribe-button button-simple button-green" aria-label="Přihlásit se k odběru novinek">
		<input type="hidden" name="do" value="subscribeMailing-subscribe-submit"><!--[if IE]><input type=IEbug disabled style="display:none"><![endif]-->
</form>

</div>
					</div>
				</div>

			</div>
		</div>

		<footer class="zone-wrapper zone-footer-wrapper clearfix" role="contentinfo">
			<div class="zone zone-footer clearfix">
				<h2 class="accessible">Patička</h2>
				<div class="region region-footer lighter-gray-bg">
					<div class="region-inner region-footer-inner">
						<div class="block block-footer-left">

	<ul>
		<li>
			<h4 class="footer-title">Nakupování</h4>
			<ul>
				<li>
					<a href="/pripravene-nakupy">Připravené nákupy</a>
				</li>
				<li>
					<a href="/pruvodce-nakupem">Průvodce nákupem</a>
				</li>
				<li>
					<a href="/produkty-v-akci">Produkty v akci</a>
				</li>
				<li>
					<a href="/brands">Značkové obchody</a>
				</li>
				<li>
					<a href="/doporucujeme">Doporučujeme</a>
				</li>
			</ul>
		</li>
	</ul>
	<ul>
		<li>
			<h4 class="footer-title">Společnost</h4>
			<ul>
				<li>
					<a href="/spolecnost/kontakt">Kontakt</a>
				</li>
				<li>
					<a href="/kariera">Kariéra</a>
				</li>
				<li>
					<a href="/spolecnost/obchodni-podminky">Obchodní podmínky</a>
				</li>
				<li>
					<a href="/spolecnost/zrusit-odber">Zrušit odběr akční nabídky</a>
				</li>
			</ul>
		</li>
	</ul>
	<ul>
		<li>
			<h4 class="footer-title">Zajímá vás</h4>
			<ul>
				<li>
					<a href="/zajima-vas/proc-vybrat-kosik">Proč vybrat Košík.cz?</a>
				</li>
				<li>
					<a href="/zajima-vas/caste-dotazy">Časté dotazy</a>
				</li>
				<li>
					<a href="/zajima-vas/spoluprace">Spolupráce</a>
				</li>
				<li>
					<a href="/vitejte">První nákup</a>
				</li>
			</ul>
		</li>
	</ul>
	<ul>
		<li>
			<h4 class="footer-title">Získejte</h4>
			<ul>
				<li>
					<a href="/informace-o-rozvozu-a-cenach">Informace o rozvozu a cenách</a>
				</li>
				<li>
					<a href="/garance-spokojenosti">Garance spokojenosti</a>
				</li>
			</ul>
		</li>
	</ul>
						</div>
						<div class="block block-footer-right">
							<a href="https://www.facebook.com/kosikcz" class="accessible">Facebook Košík.cz</a>
							<div class="fb-page" data-href="https://www.facebook.com/kosikcz" data-width="300"
								 data-height="200"
								 data-small-header="true" data-adapt-container-width="false" data-hide-cover="false"
								 data-show-facepile="true" data-show-posts="false" aria-hidden="true">
								<div class="fb-xfbml-parse-ignore">
									<blockquote cite="https://www.facebook.com/kosikcz"><a
												href="https://www.facebook.com/kosikcz">Facebook</a></blockquote>
								</div>
							</div>
						</div>
						<div class="clear"></div>
						<div class="block block-footer-services">
							<div class="service-contact">
								<div class="service-phone">
									<span class="circle"><i class="fa fa-phone" aria-label="Telefon"></i></span>
									<p>226 220 500 <span>Denně 7:00 až 22:00</span></p>
							</div>
								<div class="service-mail">
									<span class="circle"><i class="fa fa-envelope" aria-label="E-mail"></i></span>

									<p>zakaznici@kosik.cz <span>Vašim e-mailům se věnujeme 7 dní v týdnu.</span></p>
								</div>
							</div>
							<div class="service-payment">
									<div class="payment">
										<img src="/css/images/payment-1.png" alt="Bezpečná platba - 1">
									</div>
									<div class="payment">
										<img src="/css/images/payment-2.png" alt="Bezpečná platba - 2">
									</div>
									<div class="payment">
										<img src="/css/images/payment-3.png" alt="Bezpečná platba - 3">
									</div>
									<div class="payment">
										<img src="/css/images/payment-4.png" alt="Bezpečná platba - 4">
									</div>
									<div class="payment">
										<img src="/css/images/payment-5.png" alt="Bezpečná platba - 5">
									</div>
							</div>
						</div>
					</div>
				</div>
				<div class="region region-copyright">
					<div class="region-inner region-copyright-inner">
						<p>Copyright ©2017 &copy; Košík.cz. Všechna práva vyhrazena.</p>
												<!-- Facebook Pixel Code -->
						<script>
							!function (f, b, e, v, n, t, s){if(f.fbq)return;n=f.fbq=function(){n.callMethod?
				n.callMethod.apply(n,arguments):n.queue.push(arguments)};if(!f._fbq)f._fbq=n;
				n.push=n;n.loaded=!0;n.version='2.0';n.queue=[];t=b.createElement(e);t.async=!0;
				t.src=v;s=b.getElementsByTagName(e)[0];s.parentNode.insertBefore(t,s)}(window,
									document, 'script', '//connect.facebook.net/en_US/fbevents.js');
							fbq('init', '338087796401059');
							fbq('track', "PageView");</script>
						<noscript><img height="1" width="1" style="display:none"
									   src="https://www.facebook.com/tr?id=338087796401059&ev=PageView&noscript=1"
							></noscript>
						<!-- End Facebook Pixel Code -->
					</div>
				</div>
			</div>
		</footer>

				<section class="kosik-modal-overlay zero-padding" id="weighable-modal" role="dialog" tabindex="-1">
			<div class="kosik-modal-inner large  super-scaled">

				<a href="javascript:void(0)" aria-label="Zavřít dialog" class="kosik-modal-close"></a>

				<div class="region region-fullwidth-image">
					<div class="region-inner region-fullwidth-image-inner">
						<img src="/css/images/veg.jpg" alt="">
					</div>
				</div>
				<div class="region region-modal-content">
					<div class="region-inner region-modal-content-inner  align-center">
						<h1 class="title"><strong>Kolik u nás zaplatíte</strong> <span>za maso, ovoce a zeleninu?</span></h1>

						<div class="block block-steps">
							<div class="block-steps-inner">
								<div class="step">
																		<p class="step-text">Slovíčka „cca" se u nás bát nemusíte! Jde pouze o přibližný
										odhad ceny, <strong>ve finále vám naúčtujeme pouze reálnou váhu daného
											výrobku.</strong></p>
								</div>
								<div class="step">
																		<p class="step-text">Při platbě v hotovosti vás kurýr obeznámí s výslednou cenou.
										Při platbě kartou vám případný rozdíl bude vrácen zpět na váš účet.</p>
								</div>
								<div class="step">
																		<p class="step-text">Nikdy se však nebude jednat o rozdíl větší než 30% z ceny
										výrobku.</p>
								</div>
							</div>
						</div>
						<a class="button button-red green-button"
						   onclick="kosikModal.closeModal(document.getElementById('weighable-modal'))">Pokračovat v nákupu</a>
					</div>
				</div>

			</div>
		</section>




        <div class="kosik-modal-overlay" id="login-modal" role="dialog" tabindex="-1" aria-labelledby="login-modal-label">
            <div class="kosik-modal-inner medium super-scaled">
                <div class="login-modal-dialog-box">
<a href="javascript:void(0)" aria-label="Zavřít dialog" class="log-in-close-tag kosik-modal-close"></a>
<div class="login-modal" id="snippet-loginModal-signIn-singIN">
        <h2 id="login-modal-label">Přihlásit</h2>
        <form action="/hotova-jidla" method="post" id="frm-loginModal-signIn-signInForm">
            <div class="form-row">
                    <label for="frm-loginModal-signIn-signInForm-email">E-mailová adresa</label>
                <input type="text" name="email" maxlength="255" id="frm-loginModal-signIn-signInForm-email" required data-nette-rules='[{"op":":filled","msg":"Zadejte prosím svoji e-mailovou adresu."},{"op":":email","msg":"E-mailová adresa nemá správný formát."},{"op":":maxLength","msg":"Maximální délka e-mailové adresy je %length% znaků.","arg":255}]' class="form-control">
            </div>
            <div class="form-row">
                    <label for="frm-loginModal-signIn-signInForm-password">Heslo</label>
                <input type="password" name="password" id="frm-loginModal-signIn-signInForm-password" required data-nette-rules='[{"op":":filled","msg":"Zadejte prosím své heslo."}]' class="form-control">
            </div>
            <div class="form-row">
                <a class="ajax link-red" href="/hotova-jidla?do=loginModal-signIn-recovery">Zapomněli jste heslo?</a>
            </div>
            <div class="form-row">
                <input type="submit" name="send" value="Přihlásit" class="button button-red ajax">
            </div>
        <input type="hidden" name="do" value="loginModal-signIn-signInForm-submit"></form>

        <div class="form-row">
            <span class="row-delimiter">
                <b>nebo</b>
            </span>
        </div>
        <div class="form-row">
<a class="button button-facebook" data-href="true" href="/hotova-jidla?do=loginModal-signIn-facebook-fbLogin-open">Facebook přihlášení</a>        </div>
</div>
<div class="login-modal" id="snippet-loginModal-signUp-singUP">
    <h2>Registrovat</h2>
<div id="snippet-loginModal-signUp-register">        <form action="/hotova-jidla" method="post" id="frm-loginModal-signUp-signUpFormMain">
            <div class="form-row">
                    <label for="frm-loginModal-signUp-signUpFormMain-email">Registrační e-mail</label>
                <input type="text" name="email" maxlength="255" id="frm-loginModal-signUp-signUpFormMain-email" required data-nette-rules='[{"op":":filled","msg":"Zadejte prosím svou e-mailovou adresu."},{"op":":email","msg":"E-mailová adresa nemá správný formát."},{"op":":maxLength","msg":"Maximální délka e-mailové adresy je %length% znaků.","arg":255}]' class="form-control signup-email">
            </div>

            <div class="form-row">
                <a href="/zajima-vas/proc-vybrat-kosik" class="link-red">Proč se registrovat?</a>
            </div>
            <div class="form-row">
                <input type="submit" name="send" value="Registrovat" class="ajax button button-red">
            </div>
        <input type="hidden" name="do" value="loginModal-signUp-signUpFormMain-submit"><!--[if IE]><input type=IEbug disabled style="display:none"><![endif]-->
</form>

                                                <p class="benefits">
            <i class="fa fa-check"></i>
            <b>Garance</b> spokojenosti
        </p>
        <p class="benefits">
            <i class="fa fa-check"></i>
            <b>Doprava</b> zdarma
        </p>
</div></div>

<script async>
    $(".signup-email").on("focus", function() {
    	window.dataLayer = window.dataLayer || [];
	    window.dataLayer.push({
		    'event': 'ga.event',
		    'eCategory': 'User',
		    'eAction': 'Registration',
		    'eLabel': 'Start',
		    'eValue': 1,
		    'eNonInteractionHit': true,
		    'eventCallback' : function() {
			    window.dataLayer.push({
				    'eCategory': undefined,
				    'eAction': undefined,
				    'eLabel': undefined,
				    'eValue': undefined,
				    'eNonInteractionHit': false
			    });
		    }
	    });
    })
</script>
                </div>
            </div>
        </div>
    <div class="kosik-modal-overlay" id="product-set-add-modal" role="dialog" tabindex="-1">
        <div class="kosik-modal-inner medium super-scaled">
            <a href="javascript:void(0)" aria-label="Zavřít dialog" class="kosik-modal-close"></a>

				<div class="product-set-add-modal-overlay" id="snippet--productSetModalArea">
	<h3>Přidání na seznam</h3>
	<p align="center">Produkt byl přidán na nákupní seznam</p>
				</div>
			</div>
		</div>
	</div>

	<script type="text/javascript">
		$(document).ready(function () {
			$('.region-brands-carousel-inner').slick({
				dots: false,
				infinite: true,
				slidesToShow: 6,
				slidesToScroll: 6,
				responsive: [
					{
						breakpoint: 1025,
						settings: {
							slidesToShow: 5,
                            swipeToSlide: true
						}
					},
					{
						breakpoint: 769,
						settings: {
							slidesToShow: 4,
                            swipeToSlide: true
						}
					},
					{
						breakpoint: 559,
						settings: {
							slidesToShow: 3,
                            swipeToSlide: false,
                            slidesToScroll: 3,
						}
					},
					{
						breakpoint: 380,
						settings: {
							slidesToShow: 2,
                            swipeToSlide: false,
                            slidesToScroll: 2,
						}
					}
				]
			});
		});

	</script>
</div>        </div>
        <div class="flass-massege-box" id="snippet--flashes">
            <div class="flass-wrapper">
                <div class="flass-inner">
                </div>
            </div>

        </div>
        <script src="/js/kosik-slider.js"></script>
            <script type="text/javascript" async>
                var ua = navigator.userAgent.toLowerCase(),
                        platform = navigator.platform.toLowerCase();
                platformName = ua.match(/ip(?:ad|od|hone)/) ? 'ios' : (ua.match(/(?:webos|android)/) || platform.match(/mac|win|linux/) || ['other'])[0],
                        isMobile = /ios|android|webos/.test(platformName);
                if (!isMobile) {
                    <!-- Daktela Chat - START Body -->
                    var _daktelaChatInit = _daktelaChatInit || {};
                    _daktelaChatInit.server = 'https://digitalengines.daktela.com/';
                    _daktelaChatInit.accessToken = 'q3059750300809p3r611r01np2n63r7r';
                    _daktelaChatInit.queueName = '91001';
                    jQuery('head').append('<script type="text/javascript" charset="utf-8" src="'+
                    _daktelaChatInit.server+'external/chat/chat.v6.js" async><'+'/script>');
                    <!-- Daktela Chat - END Body -->
                }
            </script>
            <script async src="https://yottlyscript.com/script.js?tp=77"></script>

        <script src="/js/wNumb.js"></script>
        <script src="/js/nouislider.js"></script>
        <script src="/js/notification.js"></script>
        <script src="/js/slim.kickstart.min.js"></script>


		    </body>
</html>
