<!doctype html>
<html class="no-js" lang="cs">
    <head>
        <meta charset="utf-8">
        <title>
                Sýrový speciál | Košík.cz
        </title>
        <meta name="description" content="">
        <meta name="viewport" content="width=device-width, initial-scale=1.0, minimum-scale=1.0, maximum-scale=1.0, user-scalable=0">
        <meta name="google-site-verification" content="D_TktPqmDVHPoqRO1IIcPVlm_ozerAa43QP0QcKATP0">
        <link rel="apple-touch-icon" href="/css/images/logo.png">
        <link rel="stylesheet" type="text/css" href="/css/slim.min.css">

<link rel="stylesheet" type="text/css" href="/webtemp/cssloader-6fe495a87813.css?1513959590">
<script type="text/javascript" src="/webtemp/jsloader-e4f5f7728c43.js?1511346204"></script>
<script type="text/javascript">
    function currentPageDataPush() {
	    window.dataLayer = window.dataLayer || [];
	    window.dataLayer.push({
		    'pageType': "other",
		    'pageCategory': [],
		    'visitorLoginState': 'Anonymous',
					});
    };
    currentPageDataPush();
</script>
<!-- Google Tag Manager -->
    <script>
        (
            function(w,d,s,l,i){
                w[l]=w[l]||[];
                w[l].push({'gtm.start':new Date().getTime(),event:'gtm.js'});
                var f=d.getElementsByTagName(s)[0],j=d.createElement(s),dl=l!='dataLayer'?'&l='+l:'';
                j.async=true;
                j.src='https://www.googletagmanager.com/gtm.js?id='+i+dl;
                f.parentNode.insertBefore(j,f);
            }
        )(window,document,'script','dataLayer',"GTM-MXLVZK");
    </script>
<!-- End Google Tag Manager -->        
                    </head>
    <body>
<!-- Google Tag Manager (noscript) -->
	<noscript><iframe src="https://www.googletagmanager.com/ns.html?id=GTM-MXLVZK" height="0" width="0" style="display:none;visibility:hidden"></iframe></noscript>
<!-- End Google Tag Manager (noscript) -->
	            <div id="fb-root"></div>
        <script async>(function (d, s, id) {
                var js, fjs = d.getElementsByTagName(s)[0];
                if (d.getElementById(id)) return;
                js = d.createElement(s);
                js.id = id;
                js.src = "//connect.facebook.net/en_US/sdk.js#xfbml=1&version=v2.4&appId=680354828760786";
                fjs.parentNode.insertBefore(js, fjs);
            }(document, 'script', 'facebook-jssdk'));
        </script>
        <div class="black-overlay"></div>
        <div id="kosik-modal-blur">
<div id="snippet--wholeContent">	<!--[if lt IE 8]>
	<p class="browserupgrade">You are using an <strong>outdated</strong> browser. Please <a
			href="http://browsehappy.com/">upgrade your browser</a> to improve your experience.</p>
	<![endif]-->
	<div class="body">
		<div id="skiptocontent">
						<button onclick='location.href = "#maincontent";'  class="skip-link" accesskey="o" tabindex="1" aria-label="Přejít na hlavní obsah (klávesa o)">Hlavní obsah [o]</button>
			<button onclick='location.href = "#big-menu";'  class="skip-link" accesskey="n" tabindex="1" href="" aria-label="Přejít na navigaci (klávesa n)">Přejít na navigaci [n]</button>
			<button onclick='location.href = "#frm-suggester-suggester-phrase";'  class="skip-link" accesskey="v" tabindex="1" aria-label="Přejít na vyhledání (klávesa v)">Přejít na vyhledání [v]</button>

				<button class="skip-link blur-modal-overlay kosik-modal-open log-out-icon" tabindex="1" data-target="login-modal" aria-label="Přihlásit se (nejste přihlášen)">Přihlásit se</button>
		</div>

		<header>
			<div class="zone-wrapper zone-header-wrapper clearfix">
<div id="snippet-cookiesAgreementControl-bar">    <div class="region region-cookie-message">
        <div class="region-inner region-cookie-message-inner">
            <span>Cookies nám pomáhají poskytovat lepší služby. Používáním/zobrazováním stránky vyjadřujete souhlas s jejich používáním a uchováváním.</span>
            <a class="btn-info ajax" aria-label="Souhlasím s používáním a uchováváním cookies" href="/specialni-nabidka/syrovy-special?do=cookiesAgreementControl-agree">Souhlasím</a>
        </div>
    </div>
</div>				<div class="zone zone-header clearfix">
					<div class="region region-header">
						<div class="region-inner region-header-inner">
							<div class="block block-logo">
								<a class="header-logo" href="/">
									<img src="/css/images/logo.svg" alt="logo Kosik.cz">
								</a>
							</div>
<script>
    $(document).ready(function(){
        var timeout;

		$('.block-suggester-container').on('click',function(e){

			e.stopPropagation();

        });

        $('.block-suggester-container .suggester input[type=text]').keyup(function(){
            var self = $(this);

            if(timeout) clearTimeout(timeout);

            timeout = setTimeout(function(){
                $.nette.ajax({
                    url: "https:\/\/www.kosik.cz\/specialni-nabidka\/syrovy-special?do=suggester-suggest",
                    data: {
                        phrase: self.val()
                    }
                })
            }, 300);


        });

    });

    function gaPush(self, cat)
    {
        dataLayer.push({
            'event': 'ga.pageview',
            'pagePath': '/hledat?q='+$('#frm-suggester-suggester-phrase').val()+'&cat='+cat,
            'pageTitle': 'Našeptávač'
        });

        window.location = self.href;
    }
</script>
<div class="block block-suggester-container" role="search">
    <div class="suggester">
        <form action="/specialni-nabidka/syrovy-special" method="post" id="frm-suggester-suggester" aria-label="vyhledávání na košíku">
            <input type="text" name="phrase" autocomplete="off" placeholder="Vyhledávání" id="frm-suggester-suggester-phrase">
            <input type="submit" name="_submit" value="Hledat" class="button-simple button-red">
        <input type="hidden" name="do" value="suggester-suggester-submit"><!--[if IE]><input type=IEbug disabled style="display:none"><![endif]-->
</form>

    </div>
<div id="snippet-suggester-suggestionResult"></div></div>
<script type="text/javascript" async>
    var ShoppingList = {
        toggle: function () {
            basic.toggleClass(document.getElementById('shopping-list-overlay'), 'active')
        }
    };

    basic.documentReady(function () {

        var textArea = document.getElementById('frm-shoppingList-listForm-queries');

        if (textArea)
            textArea.setAttribute('placeholder', 'Například: \n\nMléko \nChléb \nVejce \nMaso \nRajče \n\n\nPro zadání klikněte do pole')
    });

</script>
<div class="block block-shopping-list" id="shopping-list-overlay">
    <a id="shopping-list" class="shopping-list button-simple button-red" onclick="ShoppingList.toggle()">Nákupní lístek</a>

    <div class="shopping-list-detail">
        <h5>Nákupní lístek</h5>

        <p>Napište hledané položky a klikněte na HLEDAT</p>
        <form action="/specialni-nabidka/syrovy-special" method="post" id="frm-checklist-listForm">
        <textarea name="queries" placeholder="Například:&amp;#13;&amp;#10;" id="frm-checklist-listForm-queries">Chléb
Nízkotučný jogurt
Vejce
Hladká mouka</textarea>
            <div class="shopping-list-buttons">
                <a href="#" class="link-red" onclick="document.getElementById('frm-checklist-listForm').submit();">Uložit lístek</a>
                <a onclick="ShoppingList.toggle()" class="link-red">Skrýt lístek</a>
                <input type="submit" name="_submit" value="Hledat" class="button button-red">
            </div>
        <input type="hidden" name="do" value="checklist-listForm-submit"><!--[if IE]><input type=IEbug disabled style="display:none"><![endif]-->
</form>

    </div>
</div>
                        <div class="block block-user-session">

							<div class="user-session-group">
									<a class="log-icon log-out-icon blur-modal-overlay kosik-modal-open log-out-icon"
									   data-target="login-modal"
									   aria-label="Přihlásit se"
									   href="javascript:void(0)">
										<span><img src="/svg/log-out.svg"  title="Nepřihlášený uživatel"></span>
										Přihlásit
									</a>


							</div>

							</div>
							<script type="text/javascript">
								$(document).ready(function () {
									$('.block-user-session .button').click(function (event) {
										$('.block-user-session').toggleClass('open');
									});
								});
							</script>
						</div>
					</div>

					<div class="mobile-fixed-header" id="fixed-header">
						<span class="navigation-mobile only-mobile"></span>
						<span class="suggester-mobile-switcher icon-search"></span>
<div class="region region-nav-special" role="navigation">
    <div class="region-inner region-nav-special-inner">
        <ul>
            <li><a href="/produkty-v-akci" data-href="true" >
                    <img src="/svg/action.svg" aria-hidden="true" alt="akce">
                    <span class="item-name-desktop">Akce</span>
                </a></li>
            <li><a href="/vyprodej" data-href="true">
                    <img src="/svg/sale.svg" aria-hidden="true" alt="výprodej">
                    <span class="item-name-desktop">Výprodej</span>
                </a></li>
                        <li></li>
            <li><a href="/recepty" data-href="true">
                    <img src="/svg/recipes.svg" aria-hidden="true" alt="recepty">
                    <span class="item-name-desktop">Recepty</span>
                </a></li>
            <li><a href="https://blog.kosik.cz" data-href="true" target="_blank">
                    <img src="/svg/blog.svg" aria-hidden="true" alt="blog">
                    <span class="item-name-desktop">Blog</span>
                </a></li>
            <li><a href="/delikatesy">
                    <img src="/svg/deli.svg" aria-hidden="true" alt="delikatesy">
                    <span class="item-name-desktop">Delikatesy</span>
                </a></li>
            <li><a href="/hotova-jidla">
                    <img src="/svg/ready-made-meal.svg" aria-hidden="true" alt="hotová jídla">
                    <span class="item-name-desktop">Hotová jídla</span>
                </a></li>
            <li><a class="christmas-link" href="/#christmas-inspiration">
                    <img src="/svg/vanoce.svg" aria-hidden="true" alt="Vánoce">
                    <span class="item-name-desktop">Vánoce</span>
                </a></li>
            <li><a href="/poctive-piti">
                    <img src="/svg/honest-drinks.svg" aria-hidden="true" alt="poctivé pití">
                    <span class="item-name-desktop">Poctivé pití</span>
                </a></li>
        </ul>
    </div>
</div>

<div class="region region-navigation" id="big-menu" role="navigation">
    <div class="region-inner region-navigation-inner">
        <span class="navigation-mobile"></span>
        <script>
            $(document).ready(function () {
                $('.region-navigation ul > li.sub').hover(function () {
                    var isOpen = $(this).data().open;

                    if (!isOpen) {
                        var images = $(this).find('img');

                        images.each(function (index, element) {
                            $(element).attr('src', $(element).data().src);
                        });

                        $(this).data().open = true;
                    }
                });
            });
        </script>

        <ul>
                <li class="login-modal-controls  mobile-small-nav-show">
                    <a class="log-in blur-modal-overlay kosik-modal-open" data-target="login-modal" id="signup-open">
                        Registrovat
                    </a>
                    <a class="log-in blur-modal-overlay kosik-modal-open" data-target="login-modal" id="signin-open">
                        Přihlásit
                    </a>
                </li>
                <li class="facebook-nav  mobile-small-nav-show">
<a class="button button-facebook" data-href="true" href="/specialni-nabidka/syrovy-special?do=menu-facebook-fbLogin-open">Facebook přihlášení</a>                </li>


                        <div class="menu-nav-icons mobile-small-nav-show">

                <div class="ico-text-group">
                    <a class="ico-text-group-link" href="/produkty-v-akci" data-href="true">
                        <span class="item-name">Akce</span>
                        <img src="/svg/action.svg" aria-hidden="true" alt="akce">
                    </a>
                </div>


                <div class="ico-text-group">
                    <a class="ico-text-group-link" href="/vyprodej" data-href="true">
                        <span class="item-name">Výprodej</span>
                        <img src="/svg/sale.svg" aria-hidden="true" alt="výprodej">
                    </a>
                </div>


                
                <div class="ico-text-group">
                    <a class="ico-text-group-link" href="/recepty" data-href="true">
                        <span class="item-name">Recepty</span>
                        <img src="/svg/recipes.svg" aria-hidden="true" alt="recepty">
                    </a>
                </div>

               <div class="ico-text-group">
                    <a class="ico-text-group-link" href="https://blog.kosik.cz" data-href="true" target="_blank">
                        <span class="item-name">Blog</span>
                        <img src="/svg/blog.svg" aria-hidden="true" alt="blog">
                    </a>
                </div>

                <div class="ico-text-group">
                    <a class="ico-text-group-link" href="/delikatesy" data-href="true">
                        <span class="item-name">Delikatesy</span>
                        <img src="/svg/deli.svg" aria-hidden="true" alt="delikatesy">
                    </a>
                </div>

                <div class="ico-text-group">
                    <a class="ico-text-group-link" href="/hotova-jidla" data-href="true">
                        <span class="item-name">Hotová jídla</span>
                        <img src="/svg/ready-made-meal.svg" aria-hidden="true" alt="hotová jídla">
                    </a>
                </div>

                <div class="ico-text-group">
                    <a class="ico-text-group-link christmas-link" href="/#christmas-inspiration" data-href="true" >
                        <span class="item-name">Vánoce</span>
                        <img src="/svg/vanoce.svg" aria-hidden="true" alt="Vánoce">
                    </a>
                </div>

                <div class="ico-text-group">
                    <a class="ico-text-group-link" href="/poctive-piti" data-href="true" >
                        <span class="item-name">Poctivé pití</span>
                        <img src="/svg/honest-drinks.svg" aria-hidden="true" alt="Poctivé pití">
                    </a>
                </div>
            </div>

                <li class="sub with-children"
                    data-open="false">
                    <a href="/mlecne-a-chlazene">
                        Mléčné a chlazené
                    </a>
                        <span class="category-toggle-sub mobile-small-nav-show"
                              onclick="this.parentNode.classList.toggle('open')">
							<i class="fa fa-angle-down" aria-hidden="true"></i>
						</span>
                    <div class="block block-droped-category">
                        <div class="block-droped-category-inner">
                            <div class="category-product-list">

                                                                <div class="product-type">
                                    <a href="/mlecne-a-chlazene/mlecne-vyrobky-vejce" class="product-type-image">
                                        <img data-src="https://cdn.kosik.cz/content/category/svg/menu/908.svg" alt="Mléčné výrobky, vejce">
                                    </a>
                                    <h3>
                                        <a class="children" href="/mlecne-a-chlazene/mlecne-vyrobky-vejce">
                                            Mléčné výrobky, vejce
                                        </a>
                                    </h3>

                                                                        <div class="categories-container">

                                                <a href="/mlecne-a-chlazene/mlecne-vyrobky-vejce/bio-mlecne-vyrobky">
                                                    Bio mléčné výrobky,
                                                </a>

                                                <a href="/mlecne-a-chlazene/mlecne-vyrobky-vejce/drozdi">
                                                    Droždí,
                                                </a>

                                                <a href="/mlecne-a-chlazene/mlecne-vyrobky-vejce/mleko">
                                                    Mléko,
                                                </a>


                                                <a href="/mlecne-a-chlazene/mlecne-vyrobky-vejce/smetany-a-alternativy">
                                                    Smetany a alternativy,
                                                </a>

                                                <a href="/mlecne-a-chlazene/mlecne-vyrobky-vejce/jogurty">
                                                    Jogurty,
                                                </a>







                                        <a href="/mlecne-a-chlazene/mlecne-vyrobky-vejce">...</a>
                                    </div>
                                </div>
                                <div class="product-type">
                                    <a href="/mlecne-a-chlazene/syry" class="product-type-image">
                                        <img data-src="https://cdn.kosik.cz/content/category/svg/menu/936.svg" alt="Sýry">
                                    </a>
                                    <h3>
                                        <a class="children" href="/mlecne-a-chlazene/syry">
                                            Sýry
                                        </a>
                                    </h3>

                                                                        <div class="categories-container">

                                                <a href="/mlecne-a-chlazene/syry/platkove">
                                                    Plátkové,
                                                </a>

                                                <a href="/mlecne-a-chlazene/syry/blocky">
                                                    Bločky,
                                                </a>

                                                <a href="/mlecne-a-chlazene/syry/strouhane">
                                                    Strouhané,
                                                </a>

                                                <a href="/mlecne-a-chlazene/syry/cottage-a-cerstve">
                                                    Cottage a čerstvé,
                                                </a>



                                                <a href="/mlecne-a-chlazene/syry/termizovane">
                                                    Termizované,
                                                </a>









                                        <a href="/mlecne-a-chlazene/syry">...</a>
                                    </div>
                                </div>
                                <div class="product-type">
                                    <a href="/mlecne-a-chlazene/upraveny-obsah-laktozy" class="product-type-image">
                                        <img data-src="https://cdn.kosik.cz/content/category/svg/menu/1703.svg" alt="Upravený obsah laktózy">
                                    </a>
                                    <h3>
                                        <a class="children" href="/mlecne-a-chlazene/upraveny-obsah-laktozy">
                                            Upravený obsah laktózy
                                        </a>
                                    </h3>

                                                                        <div class="categories-container">


                                                <a href="/mlecne-a-chlazene/upraveny-obsah-laktozy/bez-laktozy">
                                                    Bez laktózy,
                                                </a>
                                        <a href="/mlecne-a-chlazene/upraveny-obsah-laktozy">...</a>
                                    </div>
                                </div>
                                <div class="product-type">
                                    <a href="/mlecne-a-chlazene/maslo-margariny-tuky" class="product-type-image">
                                        <img data-src="https://cdn.kosik.cz/content/category/svg/menu/902.svg" alt="Máslo, margaríny, tuky">
                                    </a>
                                    <h3>
                                        <a class="children" href="/mlecne-a-chlazene/maslo-margariny-tuky">
                                            Máslo, margaríny, tuky
                                        </a>
                                    </h3>

                                                                        <div class="categories-container">

                                                <a href="/mlecne-a-chlazene/maslo-margariny-tuky/margariny">
                                                    Margaríny,
                                                </a>

                                                <a href="/mlecne-a-chlazene/maslo-margariny-tuky/maslo">
                                                    Máslo,
                                                </a>


                                                <a href="/mlecne-a-chlazene/maslo-margariny-tuky/sadlo">
                                                    Sádlo,
                                                </a>

                                        <a href="/mlecne-a-chlazene/maslo-margariny-tuky">...</a>
                                    </div>
                                </div>
                                <div class="product-type">
                                    <a href="/mlecne-a-chlazene/majonezy-tatarky-a-dresingy" class="product-type-image">
                                        <img data-src="https://cdn.kosik.cz/content/category/svg/menu/899.svg" alt="Majonézy, tatarky a dresingy">
                                    </a>
                                    <h3>
                                        <a class="children" href="/mlecne-a-chlazene/majonezy-tatarky-a-dresingy">
                                            Majonézy, tatarky a dresingy
                                        </a>
                                    </h3>

                                                                        <div class="categories-container">

                                                <a href="/mlecne-a-chlazene/majonezy-tatarky-a-dresingy/dresingy">
                                                    Dresingy,
                                                </a>

                                        <a href="/mlecne-a-chlazene/majonezy-tatarky-a-dresingy">...</a>
                                    </div>
                                </div>
                            </div>
                        </div>
                    </div>
                </li>
                <li class="sub with-children"
                    data-open="false">
                    <a href="/maso-a-ryby">
                        Maso a ryby
                    </a>
                        <span class="category-toggle-sub mobile-small-nav-show"
                              onclick="this.parentNode.classList.toggle('open')">
							<i class="fa fa-angle-down" aria-hidden="true"></i>
						</span>
                    <div class="block block-droped-category">
                        <div class="block-droped-category-inner">
                            <div class="category-product-list">

                                                                <div class="product-type">
                                    <a href="/maso-a-ryby/jehneci" class="product-type-image">
                                        <img data-src="https://cdn.kosik.cz/content/category/svg/menu/973.svg" alt="Jehněčí">
                                    </a>
                                    <h3>
                                        <a class="children" href="/maso-a-ryby/jehneci">
                                            Jehněčí
                                        </a>
                                    </h3>

                                                                        <div class="categories-container">

                                                <a href="/maso-a-ryby/jehneci/bio">
                                                    Bio,
                                                </a>

                                                <a href="/maso-a-ryby/jehneci/s-kosti">
                                                    S kostí,
                                                </a>

                                                <a href="/maso-a-ryby/jehneci/mlete">
                                                    Mleté,
                                                </a>
                                        <a href="/maso-a-ryby/jehneci">...</a>
                                    </div>
                                </div>
                                <div class="product-type">
                                    <a href="/maso-a-ryby/mlete-maso" class="product-type-image">
                                        <img data-src="https://cdn.kosik.cz/content/category/svg/menu/974.svg" alt="Mleté maso">
                                    </a>
                                    <h3>
                                        <a class="children" href="/maso-a-ryby/mlete-maso">
                                            Mleté maso
                                        </a>
                                    </h3>

                                                                        <div class="categories-container">

                                                <a href="/maso-a-ryby/mlete-maso/hovezi">
                                                    Hovězí,
                                                </a>

                                                <a href="/maso-a-ryby/mlete-maso/veprove">
                                                    Vepřové,
                                                </a>

                                                <a href="/maso-a-ryby/mlete-maso/jehneci">
                                                    Jehněčí,
                                                </a>

                                                <a href="/maso-a-ryby/mlete-maso/michane-mix">
                                                    Míchané (mix),
                                                </a>

                                                <a href="/maso-a-ryby/mlete-maso/drubezi">
                                                    Drůbeží,
                                                </a>
                                        <a href="/maso-a-ryby/mlete-maso">...</a>
                                    </div>
                                </div>
                                <div class="product-type">
                                    <a href="/maso-a-ryby/farmarske-a-specialni" class="product-type-image">
                                        <img data-src="https://cdn.kosik.cz/content/category/svg/menu/1858.svg" alt="Farmářské a speciální">
                                    </a>
                                    <h3>
                                        <a class="children" href="/maso-a-ryby/farmarske-a-specialni">
                                            Farmářské a speciální
                                        </a>
                                    </h3>

                                                                        <div class="categories-container">

                                                <a href="/maso-a-ryby/farmarske-a-specialni/farmarska-drubez">
                                                    Farmářská Drůbež,
                                                </a>

                                                <a href="/maso-a-ryby/farmarske-a-specialni/francouzska-drubez">
                                                    Francouzská drůbež,
                                                </a>
                                        <a href="/maso-a-ryby/farmarske-a-specialni">...</a>
                                    </div>
                                </div>
                                <div class="product-type">
                                    <a href="/maso-a-ryby/masa-na-grilovani-a-steaky" class="product-type-image">
                                        <img data-src="https://cdn.kosik.cz/content/category/svg/menu/1859.svg" alt="Masa na grilování a steaky">
                                    </a>
                                    <h3>
                                        <a class="children" href="/maso-a-ryby/masa-na-grilovani-a-steaky">
                                            Masa na grilování a steaky
                                        </a>
                                    </h3>

                                                                        <div class="categories-container">

                                                <a href="/maso-a-ryby/masa-na-grilovani-a-steaky/vyzrala-masa">
                                                    Vyzrálá masa,
                                                </a>

                                                <a href="/maso-a-ryby/masa-na-grilovani-a-steaky/masa-na-grilovani">
                                                    Masa na grilování,
                                                </a>

                                                <a href="/maso-a-ryby/masa-na-grilovani-a-steaky/masa-na-medailonky">
                                                    Masa na medailonky,
                                                </a>
                                        <a href="/maso-a-ryby/masa-na-grilovani-a-steaky">...</a>
                                    </div>
                                </div>
                                <div class="product-type">
                                    <a href="/maso-a-ryby/snadne-vareni-a-polotovary" class="product-type-image">
                                        <img data-src="https://cdn.kosik.cz/content/category/svg/menu/1860.svg" alt="Snadné vaření a polotovary">
                                    </a>
                                    <h3>
                                        <a class="children" href="/maso-a-ryby/snadne-vareni-a-polotovary">
                                            Snadné vaření a polotovary
                                        </a>
                                    </h3>

                                                                        <div class="categories-container">

                                                <a href="/maso-a-ryby/snadne-vareni-a-polotovary/sous-vide">
                                                    Sous vide,
                                                </a>

                                                <a href="/maso-a-ryby/snadne-vareni-a-polotovary/burgery">
                                                    Burgery,
                                                </a>

                                                <a href="/maso-a-ryby/snadne-vareni-a-polotovary/klobasy">
                                                    Klobásy,
                                                </a>

                                                <a href="/maso-a-ryby/snadne-vareni-a-polotovary/vyvary">
                                                    Vývary,
                                                </a>

                                                <a href="/maso-a-ryby/snadne-vareni-a-polotovary/masne-polotovary">
                                                    Masné Polotovary,
                                                </a>
                                        <a href="/maso-a-ryby/snadne-vareni-a-polotovary">...</a>
                                    </div>
                                </div>
                                <div class="product-type">
                                    <a href="/maso-a-ryby/drubez" class="product-type-image">
                                        <img data-src="https://cdn.kosik.cz/content/category/svg/menu/961.svg" alt="Drůbež">
                                    </a>
                                    <h3>
                                        <a class="children" href="/maso-a-ryby/drubez">
                                            Drůbež
                                        </a>
                                    </h3>

                                                                        <div class="categories-container">

                                                <a href="/maso-a-ryby/drubez/bio">
                                                    Bio,
                                                </a>

                                                <a href="/maso-a-ryby/drubez/kachna-husa">
                                                    Kachna, husa,
                                                </a>

                                                <a href="/maso-a-ryby/drubez/droby">
                                                    Droby,
                                                </a>

                                                <a href="/maso-a-ryby/drubez/mlete">
                                                    Mleté,
                                                </a>

                                                <a href="/maso-a-ryby/drubez/specialni">
                                                    Speciální,
                                                </a>

                                                <a href="/maso-a-ryby/drubez/na-polevku">
                                                    Na polévku,
                                                </a>

                                                <a href="/maso-a-ryby/drubez/rodinne-baleni">
                                                    Rodinné balení,
                                                </a>





                                        <a href="/maso-a-ryby/drubez">...</a>
                                    </div>
                                </div>
                                <div class="product-type">
                                    <a href="/maso-a-ryby/hovezi" class="product-type-image">
                                        <img data-src="https://cdn.kosik.cz/content/category/svg/menu/967.svg" alt="Hovězí">
                                    </a>
                                    <h3>
                                        <a class="children" href="/maso-a-ryby/hovezi">
                                            Hovězí
                                        </a>
                                    </h3>

                                                                        <div class="categories-container">

                                                <a href="/maso-a-ryby/hovezi/mlete">
                                                    Mleté,
                                                </a>

                                                <a href="/maso-a-ryby/hovezi/na-polevku">
                                                    Na polévku,
                                                </a>

                                                <a href="/maso-a-ryby/hovezi/rodinne-baleni">
                                                    Rodinné balení,
                                                </a>

                                                <a href="/maso-a-ryby/hovezi/jalovice-krava">
                                                    Jalovice, kráva,
                                                </a>

                                                <a href="/maso-a-ryby/hovezi/mlady-byk">
                                                    Mladý býk,
                                                </a>


                                                <a href="/maso-a-ryby/hovezi/bio">
                                                    Bio,
                                                </a>

                                        <a href="/maso-a-ryby/hovezi">...</a>
                                    </div>
                                </div>
                                <div class="product-type">
                                    <a href="/maso-a-ryby/veprove" class="product-type-image">
                                        <img data-src="https://cdn.kosik.cz/content/category/svg/menu/980.svg" alt="Vepřové">
                                    </a>
                                    <h3>
                                        <a class="children" href="/maso-a-ryby/veprove">
                                            Vepřové
                                        </a>
                                    </h3>

                                                                        <div class="categories-container">

                                                <a href="/maso-a-ryby/veprove/v-celku">
                                                    V celku,
                                                </a>

                                                <a href="/maso-a-ryby/veprove/krajene">
                                                    Krájené,
                                                </a>

                                                <a href="/maso-a-ryby/veprove/droby">
                                                    Droby,
                                                </a>

                                                <a href="/maso-a-ryby/veprove/mlete">
                                                    Mleté,
                                                </a>

                                                <a href="/maso-a-ryby/veprove/uzene">
                                                    Uzené,
                                                </a>

                                                <a href="/maso-a-ryby/veprove/slaniny">
                                                    Slaniny,
                                                </a>

                                                <a href="/maso-a-ryby/veprove/rodinne-baleni">
                                                    Rodinné balení,
                                                </a>
                                        <a href="/maso-a-ryby/veprove">...</a>
                                    </div>
                                </div>
                                <div class="product-type">
                                    <a href="/maso-a-ryby/ryby" class="product-type-image">
                                        <img data-src="https://cdn.kosik.cz/content/category/svg/menu/975.svg" alt="Ryby">
                                    </a>
                                    <h3>
                                        <a class="children" href="/maso-a-ryby/ryby">
                                            Ryby
                                        </a>
                                    </h3>

                                                                        <div class="categories-container">

                                                <a href="/maso-a-ryby/ryby/cele-ryby">
                                                    Celé ryby,
                                                </a>

                                                <a href="/maso-a-ryby/ryby/filety">
                                                    Filety,
                                                </a>

                                                <a href="/maso-a-ryby/ryby/ceske-ryby">
                                                    České ryby,
                                                </a>

                                                <a href="/maso-a-ryby/ryby/morske">
                                                    Mořské,
                                                </a>

                                                <a href="/maso-a-ryby/ryby/sladkovodni">
                                                    Sladkovodní,
                                                </a>

                                                <a href="/maso-a-ryby/ryby/uzene">
                                                    Uzené,
                                                </a>

                                        <a href="/maso-a-ryby/ryby">...</a>
                                    </div>
                                </div>
                                <div class="product-type">
                                    <a href="/maso-a-ryby/zverina" class="product-type-image">
                                        <img data-src="https://cdn.kosik.cz/content/category/svg/menu/982.svg" alt="Zvěřina">
                                    </a>
                                    <h3>
                                        <a class="children" href="/maso-a-ryby/zverina">
                                            Zvěřina
                                        </a>
                                    </h3>

                                                                        <div class="categories-container">

                                                <a href="/maso-a-ryby/zverina/vysoka">
                                                    Vysoká,
                                                </a>

                                                <a href="/maso-a-ryby/zverina/cerna">
                                                    Černá,
                                                </a>
                                        <a href="/maso-a-ryby/zverina">...</a>
                                    </div>
                                </div>
                                <div class="product-type">
                                    <a href="/maso-a-ryby/bio" class="product-type-image">
                                        <img data-src="https://cdn.kosik.cz/content/category/svg/menu/981.svg" alt="Bio">
                                    </a>
                                    <h3>
                                        <a class="children" href="/maso-a-ryby/bio">
                                            Bio
                                        </a>
                                    </h3>

                                                                        <div class="categories-container">

                                                <a href="/maso-a-ryby/bio/hovezi">
                                                    Hovězí,
                                                </a>

                                                <a href="/maso-a-ryby/bio/drubezi">
                                                    Drůbeží,
                                                </a>

                                                <a href="/maso-a-ryby/bio/jehneci">
                                                    Jehněčí,
                                                </a>
                                        <a href="/maso-a-ryby/bio">...</a>
                                    </div>
                                </div>
                                <div class="product-type">
                                    <a href="/maso-a-ryby/susene-maso" class="product-type-image">
                                        <img data-src="https://cdn.kosik.cz/content/category/svg/menu/984.svg" alt="Sušené maso">
                                    </a>
                                    <h3>
                                        <a class="children" href="/maso-a-ryby/susene-maso">
                                            Sušené maso
                                        </a>
                                    </h3>

                                                                        <div class="categories-container">

                                                <a href="/maso-a-ryby/susene-maso/hovezi">
                                                    Hovězí,
                                                </a>

                                                <a href="/maso-a-ryby/susene-maso/veprove">
                                                    Vepřové,
                                                </a>

                                                <a href="/maso-a-ryby/susene-maso/drubezi">
                                                    Drůbeží,
                                                </a>

                                                <a href="/maso-a-ryby/susene-maso/ostatni">
                                                    Ostatní,
                                                </a>
                                        <a href="/maso-a-ryby/susene-maso">...</a>
                                    </div>
                                </div>
                            </div>
                        </div>
                    </div>
                </li>
                <li class="sub with-children"
                    data-open="false">
                    <a href="/ovoce-a-zelenina">
                        Ovoce a zelenina
                    </a>
                        <span class="category-toggle-sub mobile-small-nav-show"
                              onclick="this.parentNode.classList.toggle('open')">
							<i class="fa fa-angle-down" aria-hidden="true"></i>
						</span>
                    <div class="block block-droped-category">
                        <div class="block-droped-category-inner">
                            <div class="category-product-list">

                                                                <div class="product-type">
                                    <a href="/ovoce-a-zelenina/susene-orechy-a-semena" class="product-type-image">
                                        <img data-src="https://cdn.kosik.cz/content/category/svg/menu/1003.svg" alt="Sušené ořechy a semena">
                                    </a>
                                    <h3>
                                        <a class="children" href="/ovoce-a-zelenina/susene-orechy-a-semena">
                                            Sušené ořechy a semena
                                        </a>
                                    </h3>

                                                                        <div class="categories-container">

                                                <a href="/ovoce-a-zelenina/susene-orechy-a-semena/orechy">
                                                    Ořechy,
                                                </a>

                                                <a href="/ovoce-a-zelenina/susene-orechy-a-semena/semena">
                                                    Semena,
                                                </a>
                                        <a href="/ovoce-a-zelenina/susene-orechy-a-semena">...</a>
                                    </div>
                                </div>
                                <div class="product-type">
                                    <a href="/ovoce-a-zelenina/cerstve-stavy" class="product-type-image">
                                        <img data-src="https://cdn.kosik.cz/content/category/svg/menu/1756.svg" alt="Čerstvé šťávy">
                                    </a>
                                    <h3>
                                        <a class="children" href="/ovoce-a-zelenina/cerstve-stavy">
                                            Čerstvé šťávy
                                        </a>
                                    </h3>

                                                                    </div>
                                <div class="product-type">
                                    <a href="/ovoce-a-zelenina/ovoce" class="product-type-image">
                                        <img data-src="https://cdn.kosik.cz/content/category/svg/menu/993.svg" alt="Ovoce">
                                    </a>
                                    <h3>
                                        <a class="children" href="/ovoce-a-zelenina/ovoce">
                                            Ovoce
                                        </a>
                                    </h3>

                                                                        <div class="categories-container">

                                                <a href="/ovoce-a-zelenina/ovoce/jablka-a-hrusky">
                                                    Jablka a hrušky,
                                                </a>


                                                <a href="/ovoce-a-zelenina/ovoce/citrusy">
                                                    Citrusy,
                                                </a>

                                                <a href="/ovoce-a-zelenina/ovoce/hrozny-a-melouny">
                                                    Hrozny a melouny,
                                                </a>

                                                <a href="/ovoce-a-zelenina/ovoce/jahody-a-lesni-plody">
                                                    Jahody a lesní plody,
                                                </a>

                                        <a href="/ovoce-a-zelenina/ovoce">...</a>
                                    </div>
                                </div>
                                <div class="product-type">
                                    <a href="/ovoce-a-zelenina/zelenina" class="product-type-image">
                                        <img data-src="https://cdn.kosik.cz/content/category/svg/menu/1013.svg" alt="Zelenina">
                                    </a>
                                    <h3>
                                        <a class="children" href="/ovoce-a-zelenina/zelenina">
                                            Zelenina
                                        </a>
                                    </h3>

                                                                        <div class="categories-container">

                                                <a href="/ovoce-a-zelenina/zelenina/brambory">
                                                    Brambory,
                                                </a>

                                                <a href="/ovoce-a-zelenina/zelenina/cibule-a-cesnek">
                                                    Cibule a česnek,
                                                </a>

                                                <a href="/ovoce-a-zelenina/zelenina/korenova-zelenina">
                                                    Kořenová zelenina,
                                                </a>


                                                <a href="/ovoce-a-zelenina/zelenina/okurky-a-salaty">
                                                    Okurky a saláty,
                                                </a>





                                                <a href="/ovoce-a-zelenina/zelenina/houby">
                                                    Houby,
                                                </a>


                                        <a href="/ovoce-a-zelenina/zelenina">...</a>
                                    </div>
                                </div>
                                <div class="product-type">
                                    <a href="/ovoce-a-zelenina/bylinky" class="product-type-image">
                                        <img data-src="https://cdn.kosik.cz/content/category/svg/menu/989.svg" alt="Bylinky">
                                    </a>
                                    <h3>
                                        <a class="children" href="/ovoce-a-zelenina/bylinky">
                                            Bylinky
                                        </a>
                                    </h3>

                                                                        <div class="categories-container">

                                                <a href="/ovoce-a-zelenina/bylinky/bylinky-v-kvetinaci">
                                                    Bylinky v květináči,
                                                </a>

                                                <a href="/ovoce-a-zelenina/bylinky/rezane-bylinky">
                                                    Řezané bylinky,
                                                </a>
                                        <a href="/ovoce-a-zelenina/bylinky">...</a>
                                    </div>
                                </div>
                                <div class="product-type">
                                    <a href="/ovoce-a-zelenina/salaty" class="product-type-image">
                                        <img data-src="https://cdn.kosik.cz/content/category/svg/menu/1000.svg" alt="Saláty">
                                    </a>
                                    <h3>
                                        <a class="children" href="/ovoce-a-zelenina/salaty">
                                            Saláty
                                        </a>
                                    </h3>

                                                                        <div class="categories-container">

                                                <a href="/ovoce-a-zelenina/salaty/ovocne-salaty">
                                                    Ovocné saláty,
                                                </a>

                                                <a href="/ovoce-a-zelenina/salaty/zeleninove-salaty">
                                                    Zeleninové saláty,
                                                </a>
                                        <a href="/ovoce-a-zelenina/salaty">...</a>
                                    </div>
                                </div>
                                <div class="product-type">
                                    <a href="/ovoce-a-zelenina/susene-ovoce-smesi-a-houby" class="product-type-image">
                                        <img data-src="https://cdn.kosik.cz/content/category/svg/menu/1008.svg" alt="Sušené ovoce, směsi a houby">
                                    </a>
                                    <h3>
                                        <a class="children" href="/ovoce-a-zelenina/susene-ovoce-smesi-a-houby">
                                            Sušené ovoce, směsi a houby
                                        </a>
                                    </h3>

                                                                        <div class="categories-container">

                                                <a href="/ovoce-a-zelenina/susene-ovoce-smesi-a-houby/susene-ovoce">
                                                    Sušené ovoce,
                                                </a>

                                                <a href="/ovoce-a-zelenina/susene-ovoce-smesi-a-houby/susene-houby">
                                                    Sušené houby,
                                                </a>
                                        <a href="/ovoce-a-zelenina/susene-ovoce-smesi-a-houby">...</a>
                                    </div>
                                </div>
                                <div class="product-type">
                                    <a href="/ovoce-a-zelenina/bio" class="product-type-image">
                                        <img data-src="https://cdn.kosik.cz/content/category/svg/menu/986.svg" alt="Bio">
                                    </a>
                                    <h3>
                                        <a class="children" href="/ovoce-a-zelenina/bio">
                                            Bio
                                        </a>
                                    </h3>

                                                                        <div class="categories-container">

                                                <a href="/ovoce-a-zelenina/bio/bio-ovoce">
                                                    Bio ovoce,
                                                </a>

                                                <a href="/ovoce-a-zelenina/bio/bio-zelenina">
                                                    Bio zelenina,
                                                </a>
                                        <a href="/ovoce-a-zelenina/bio">...</a>
                                    </div>
                                </div>
                            </div>
                        </div>
                    </div>
                </li>
                <li class="sub with-children"
                    data-open="false">
                    <a href="/pecivo">
                        Pečivo
                    </a>
                        <span class="category-toggle-sub mobile-small-nav-show"
                              onclick="this.parentNode.classList.toggle('open')">
							<i class="fa fa-angle-down" aria-hidden="true"></i>
						</span>
                    <div class="block block-droped-category">
                        <div class="block-droped-category-inner">
                            <div class="category-product-list">

                                                                <div class="product-type">
                                    <a href="/pecivo/dorty-a-zakusky" class="product-type-image">
                                        <img data-src="https://cdn.kosik.cz/content/category/svg/menu/1033.svg" alt="Dorty a zákusky">
                                    </a>
                                    <h3>
                                        <a class="children" href="/pecivo/dorty-a-zakusky">
                                            Dorty a zákusky
                                        </a>
                                    </h3>

                                                                    </div>
                                <div class="product-type">
                                    <a href="/pecivo/bezne" class="product-type-image">
                                        <img data-src="https://cdn.kosik.cz/content/category/svg/menu/1028.svg" alt="Běžné">
                                    </a>
                                    <h3>
                                        <a class="children" href="/pecivo/bezne">
                                            Běžné
                                        </a>
                                    </h3>

                                                                        <div class="categories-container">

                                                <a href="/pecivo/bezne/balene-pecivo">
                                                    Balené pečivo,
                                                </a>

                                                <a href="/pecivo/bezne/svetle-pecivo">
                                                    Světlé pečivo,
                                                </a>

                                                <a href="/pecivo/bezne/slane-pecivo">
                                                    Slané pečivo,
                                                </a>

                                        <a href="/pecivo/bezne">...</a>
                                    </div>
                                </div>
                                <div class="product-type">
                                    <a href="/pecivo/chleb" class="product-type-image">
                                        <img data-src="https://cdn.kosik.cz/content/category/svg/menu/1034.svg" alt="Chléb">
                                    </a>
                                    <h3>
                                        <a class="children" href="/pecivo/chleb">
                                            Chléb
                                        </a>
                                    </h3>

                                                                        <div class="categories-container">

                                                <a href="/pecivo/chleb/chleb-baleny">
                                                    Chléb balený,
                                                </a>

                                                <a href="/pecivo/chleb/chleb-volny">
                                                    Chléb volný,
                                                </a>
                                        <a href="/pecivo/chleb">...</a>
                                    </div>
                                </div>
                                <div class="product-type">
                                    <a href="/pecivo/sladke" class="product-type-image">
                                        <img data-src="https://cdn.kosik.cz/content/category/svg/menu/1042.svg" alt="Sladké">
                                    </a>
                                    <h3>
                                        <a class="children" href="/pecivo/sladke">
                                            Sladké
                                        </a>
                                    </h3>

                                                                        <div class="categories-container">

                                                <a href="/pecivo/sladke/sladke-pecivo-balene">
                                                    Sladké pečivo balené,
                                                </a>

                                                <a href="/pecivo/sladke/sladke-pecivo-volne">
                                                    Sladké pečivo volné,
                                                </a>
                                        <a href="/pecivo/sladke">...</a>
                                    </div>
                                </div>
                                <div class="product-type">
                                    <a href="/pecivo/trvanlive-pecivo" class="product-type-image">
                                        <img data-src="https://cdn.kosik.cz/content/category/svg/menu/1045.svg" alt="Trvanlivé pečivo">
                                    </a>
                                    <h3>
                                        <a class="children" href="/pecivo/trvanlive-pecivo">
                                            Trvanlivé pečivo
                                        </a>
                                    </h3>

                                                                    </div>
                                <div class="product-type">
                                    <a href="/pecivo/bezlepkove-pecivo" class="product-type-image">
                                        <img data-src="https://cdn.kosik.cz/content/category/svg/menu/1027.svg" alt="Bezlepkové pečivo">
                                    </a>
                                    <h3>
                                        <a class="children" href="/pecivo/bezlepkove-pecivo">
                                            Bezlepkové pečivo
                                        </a>
                                    </h3>

                                                                    </div>
                            </div>
                        </div>
                    </div>
                </li>
                <li class="sub with-children"
                    data-open="false">
                    <a href="/uzeniny-a-lahudky">
                        Uzeniny a lahůdky
                    </a>
                        <span class="category-toggle-sub mobile-small-nav-show"
                              onclick="this.parentNode.classList.toggle('open')">
							<i class="fa fa-angle-down" aria-hidden="true"></i>
						</span>
                    <div class="block block-droped-category">
                        <div class="block-droped-category-inner">
                            <div class="category-product-list">

                                                                <div class="product-type">
                                    <a href="/uzeniny-a-lahudky/uzeniny" class="product-type-image">
                                        <img data-src="https://cdn.kosik.cz/content/category/svg/menu/1047.svg" alt="Uzeniny">
                                    </a>
                                    <h3>
                                        <a class="children" href="/uzeniny-a-lahudky/uzeniny">
                                            Uzeniny
                                        </a>
                                    </h3>

                                                                        <div class="categories-container">

                                                <a href="/uzeniny-a-lahudky/uzeniny/sunky">
                                                    Šunky,
                                                </a>

                                                <a href="/uzeniny-a-lahudky/uzeniny/salamy">
                                                    Salámy,
                                                </a>

                                                <a href="/uzeniny-a-lahudky/uzeniny/parky-a-spekacky">
                                                    Párky a špekáčky,
                                                </a>

                                                <a href="/uzeniny-a-lahudky/uzeniny/klobasy">
                                                    Klobásy,
                                                </a>

                                                <a href="/uzeniny-a-lahudky/uzeniny/uzena-masa">
                                                    Uzená  masa,
                                                </a>





                                        <a href="/uzeniny-a-lahudky/uzeniny">...</a>
                                    </div>
                                </div>
                                <div class="product-type">
                                    <a href="/uzeniny-a-lahudky/lahudky" class="product-type-image">
                                        <img data-src="https://cdn.kosik.cz/content/category/svg/menu/1062.svg" alt="Lahůdky">
                                    </a>
                                    <h3>
                                        <a class="children" href="/uzeniny-a-lahudky/lahudky">
                                            Lahůdky
                                        </a>
                                    </h3>

                                                                        <div class="categories-container">

                                                <a href="/uzeniny-a-lahudky/lahudky/hotova-jidla">
                                                    Hotová jídla,
                                                </a>

                                                <a href="/uzeniny-a-lahudky/lahudky/hotova-testa">
                                                    Hotová těsta,
                                                </a>


                                                <a href="/uzeniny-a-lahudky/lahudky/chlazene-pastiky">
                                                    Chlazené paštiky,
                                                </a>


                                                <a href="/uzeniny-a-lahudky/lahudky/rybi-speciality">
                                                    Rybí speciality,
                                                </a>



                                        <a href="/uzeniny-a-lahudky/lahudky">...</a>
                                    </div>
                                </div>
                            </div>
                        </div>
                    </div>
                </li>
                <li class="sub with-children"
                    data-open="false">
                    <a href="/mrazene">
                        Mražené
                    </a>
                        <span class="category-toggle-sub mobile-small-nav-show"
                              onclick="this.parentNode.classList.toggle('open')">
							<i class="fa fa-angle-down" aria-hidden="true"></i>
						</span>
                    <div class="block block-droped-category">
                        <div class="block-droped-category-inner">
                            <div class="category-product-list">

                                                                <div class="product-type">
                                    <a href="/mrazene/hotova-jidla" class="product-type-image">
                                        <img data-src="https://cdn.kosik.cz/content/category/svg/menu/1084.svg" alt="Hotová jídla">
                                    </a>
                                    <h3>
                                        <a class="children" href="/mrazene/hotova-jidla">
                                            Hotová jídla
                                        </a>
                                    </h3>

                                                                        <div class="categories-container">

                                                <a href="/mrazene/hotova-jidla/hlavni-jidla">
                                                    Hlavní jídla,
                                                </a>

                                                <a href="/mrazene/hotova-jidla/bezmasa-jidla">
                                                    Bezmasá jídla,
                                                </a>

                                                <a href="/mrazene/hotova-jidla/pizza">
                                                    Pizza,
                                                </a>

                                                <a href="/mrazene/hotova-jidla/obalovana">
                                                    Obalovaná,
                                                </a>

                                                <a href="/mrazene/hotova-jidla/ostatni">
                                                    Ostatní,
                                                </a>
                                        <a href="/mrazene/hotova-jidla">...</a>
                                    </div>
                                </div>
                                <div class="product-type">
                                    <a href="/mrazene/hranolky-a-krokety" class="product-type-image">
                                        <img data-src="https://cdn.kosik.cz/content/category/svg/menu/1089.svg" alt="Hranolky a krokety">
                                    </a>
                                    <h3>
                                        <a class="children" href="/mrazene/hranolky-a-krokety">
                                            Hranolky a krokety
                                        </a>
                                    </h3>

                                                                        <div class="categories-container">

                                                <a href="/mrazene/hranolky-a-krokety/hranolky">
                                                    Hranolky,
                                                </a>

                                                <a href="/mrazene/hranolky-a-krokety/krokety">
                                                    Krokety,
                                                </a>

                                                <a href="/mrazene/hranolky-a-krokety/zeleninove-hranolky">
                                                    Zeleninové hranolky,
                                                </a>

                                                <a href="/mrazene/hranolky-a-krokety/do-trouby">
                                                    Do trouby,
                                                </a>

                                        <a href="/mrazene/hranolky-a-krokety">...</a>
                                    </div>
                                </div>
                                <div class="product-type">
                                    <a href="/mrazene/zelenina-a-ovoce" class="product-type-image">
                                        <img data-src="https://cdn.kosik.cz/content/category/svg/menu/1097.svg" alt="Zelenina a ovoce">
                                    </a>
                                    <h3>
                                        <a class="children" href="/mrazene/zelenina-a-ovoce">
                                            Zelenina a ovoce
                                        </a>
                                    </h3>

                                                                        <div class="categories-container">

                                                <a href="/mrazene/zelenina-a-ovoce/spenat">
                                                    Špenát,
                                                </a>

                                                <a href="/mrazene/zelenina-a-ovoce/zelenina-jednodruhova">
                                                    Zelenina jednodruhová,
                                                </a>

                                                <a href="/mrazene/zelenina-a-ovoce/zeleninove-smesi">
                                                    Zeleninové směsi,
                                                </a>


                                                <a href="/mrazene/zelenina-a-ovoce/ovocne-smesi">
                                                    Ovocné směsi,
                                                </a>


                                        <a href="/mrazene/zelenina-a-ovoce">...</a>
                                    </div>
                                </div>
                                <div class="product-type">
                                    <a href="/mrazene/mrazene-maso-drubez-a-ryby" class="product-type-image">
                                        <img data-src="https://cdn.kosik.cz/content/category/svg/menu/1091.svg" alt="Mražené maso, drůbež a ryby">
                                    </a>
                                    <h3>
                                        <a class="children" href="/mrazene/mrazene-maso-drubez-a-ryby">
                                            Mražené maso, drůbež a ryby
                                        </a>
                                    </h3>

                                                                        <div class="categories-container">

                                                <a href="/mrazene/mrazene-maso-drubez-a-ryby/mrazena-drubez">
                                                    Mražená drůbež,
                                                </a>

                                                <a href="/mrazene/mrazene-maso-drubez-a-ryby/mrazene-maso">
                                                    Mražené maso,
                                                </a>

                                                <a href="/mrazene/mrazene-maso-drubez-a-ryby/mrazene-ryby">
                                                    Mražené ryby,
                                                </a>

                                        <a href="/mrazene/mrazene-maso-drubez-a-ryby">...</a>
                                    </div>
                                </div>
                                <div class="product-type">
                                    <a href="/mrazene/mrazene-pecivo-a-testo" class="product-type-image">
                                        <img data-src="https://cdn.kosik.cz/content/category/svg/menu/1096.svg" alt="Mražené pečivo a těsto">
                                    </a>
                                    <h3>
                                        <a class="children" href="/mrazene/mrazene-pecivo-a-testo">
                                            Mražené pečivo a těsto
                                        </a>
                                    </h3>

                                                                        <div class="categories-container">

                                                <a href="/mrazene/mrazene-pecivo-a-testo/pecivo-slane">
                                                    Pečivo slané,
                                                </a>

                                                <a href="/mrazene/mrazene-pecivo-a-testo/pecivo-sladke">
                                                    Pečivo sladké,
                                                </a>

                                                <a href="/mrazene/mrazene-pecivo-a-testo/testa">
                                                    Těsta,
                                                </a>
                                        <a href="/mrazene/mrazene-pecivo-a-testo">...</a>
                                    </div>
                                </div>
                                <div class="product-type">
                                    <a href="/mrazene/kolace-a-dorty" class="product-type-image">
                                        <img data-src="https://cdn.kosik.cz/content/category/svg/menu/1090.svg" alt="Koláče a dorty">
                                    </a>
                                    <h3>
                                        <a class="children" href="/mrazene/kolace-a-dorty">
                                            Koláče a dorty
                                        </a>
                                    </h3>

                                                                        <div class="categories-container">

                                                <a href="/mrazene/kolace-a-dorty/tvarohove">
                                                    Tvarohové,
                                                </a>

                                                <a href="/mrazene/kolace-a-dorty/ovocne">
                                                    Ovocné,
                                                </a>

                                                <a href="/mrazene/kolace-a-dorty/cokoladove">
                                                    Čokoládové,
                                                </a>
                                        <a href="/mrazene/kolace-a-dorty">...</a>
                                    </div>
                                </div>
                                <div class="product-type">
                                    <a href="/mrazene/zmrzliny" class="product-type-image">
                                        <img data-src="https://cdn.kosik.cz/content/category/svg/menu/1102.svg" alt="Zmrzliny">
                                    </a>
                                    <h3>
                                        <a class="children" href="/mrazene/zmrzliny">
                                            Zmrzliny
                                        </a>
                                    </h3>

                                                                        <div class="categories-container">

                                                <a href="/mrazene/zmrzliny/nanuky-a-kornouty">
                                                    Nanuky a kornouty,
                                                </a>

                                                <a href="/mrazene/zmrzliny/vanicky">
                                                    Vaničky,
                                                </a>

                                                <a href="/mrazene/zmrzliny/sorbet">
                                                    Sorbet,
                                                </a>
                                        <a href="/mrazene/zmrzliny">...</a>
                                    </div>
                                </div>
                            </div>
                        </div>
                    </div>
                </li>
                <li class="sub with-children"
                    data-open="false">
                    <a href="/napoje">
                        Nápoje
                    </a>
                        <span class="category-toggle-sub mobile-small-nav-show"
                              onclick="this.parentNode.classList.toggle('open')">
							<i class="fa fa-angle-down" aria-hidden="true"></i>
						</span>
                    <div class="block block-droped-category">
                        <div class="block-droped-category-inner">
                            <div class="category-product-list">

                                                                <div class="product-type">
                                    <a href="/napoje/poctive-piti" class="product-type-image">
                                        <img data-src="https://cdn.kosik.cz/content/category/svg/menu/1929.svg" alt="Poctivé pití">
                                    </a>
                                    <h3>
                                        <a class="children" href="/napoje/poctive-piti">
                                            Poctivé pití
                                        </a>
                                    </h3>

                                                                        <div class="categories-container">

                                                <a href="/napoje/poctive-piti/pivo-a-cider">
                                                    Pivo a cider,
                                                </a>

                                                <a href="/napoje/poctive-piti/limonady">
                                                    Limonády,
                                                </a>

                                                <a href="/napoje/poctive-piti/sirupy">
                                                    Sirupy,
                                                </a>

                                                <a href="/napoje/poctive-piti/mosty">
                                                    Mošty,
                                                </a>

                                                <a href="/napoje/poctive-piti/darkova-baleni">
                                                    Dárková balení,
                                                </a>
                                        <a href="/napoje/poctive-piti">...</a>
                                    </div>
                                </div>
                                <div class="product-type">
                                    <a href="/napoje/mineralni-a-pramenite" class="product-type-image">
                                        <img data-src="https://cdn.kosik.cz/content/category/svg/menu/1180.svg" alt="Minerální a pramenité">
                                    </a>
                                    <h3>
                                        <a class="children" href="/napoje/mineralni-a-pramenite">
                                            Minerální a pramenité
                                        </a>
                                    </h3>

                                                                        <div class="categories-container">

                                                <a href="/napoje/mineralni-a-pramenite/mineralni">
                                                    Minerální,
                                                </a>

                                                <a href="/napoje/mineralni-a-pramenite/pramenite">
                                                    Pramenité,
                                                </a>
                                        <a href="/napoje/mineralni-a-pramenite">...</a>
                                    </div>
                                </div>
                                <div class="product-type">
                                    <a href="/napoje/dzusy-a-detske" class="product-type-image">
                                        <img data-src="https://cdn.kosik.cz/content/category/svg/menu/1152.svg" alt="Džusy a dětské">
                                    </a>
                                    <h3>
                                        <a class="children" href="/napoje/dzusy-a-detske">
                                            Džusy a dětské
                                        </a>
                                    </h3>

                                                                        <div class="categories-container">

                                                <a href="/napoje/dzusy-a-detske/100-dzusy">
                                                    100% džusy,
                                                </a>

                                                <a href="/napoje/dzusy-a-detske/cerstve-dzusy">
                                                    Čerstvé džusy,
                                                </a>

                                                <a href="/napoje/dzusy-a-detske/mosty-a-100-stavy">
                                                    Mošty a 100% šťávy,
                                                </a>

                                                <a href="/napoje/dzusy-a-detske/nektary">
                                                    Nektary,
                                                </a>


                                        <a href="/napoje/dzusy-a-detske">...</a>
                                    </div>
                                </div>
                                <div class="product-type">
                                    <a href="/napoje/limonady-a-ledove-caje" class="product-type-image">
                                        <img data-src="https://cdn.kosik.cz/content/category/svg/menu/1171.svg" alt="Limonády a ledové čaje">
                                    </a>
                                    <h3>
                                        <a class="children" href="/napoje/limonady-a-ledove-caje">
                                            Limonády a ledové čaje
                                        </a>
                                    </h3>

                                                                        <div class="categories-container">

                                                <a href="/napoje/limonady-a-ledove-caje/limonady">
                                                    Limonády,
                                                </a>

                                                <a href="/napoje/limonady-a-ledove-caje/ledove-caje">
                                                    Ledové čaje,
                                                </a>
                                        <a href="/napoje/limonady-a-ledove-caje">...</a>
                                    </div>
                                </div>
                                <div class="product-type">
                                    <a href="/napoje/sirupy-a-koncentraty" class="product-type-image">
                                        <img data-src="https://cdn.kosik.cz/content/category/svg/menu/1207.svg" alt="Sirupy a koncentráty">
                                    </a>
                                    <h3>
                                        <a class="children" href="/napoje/sirupy-a-koncentraty">
                                            Sirupy a koncentráty
                                        </a>
                                    </h3>

                                                                        <div class="categories-container">

                                                <a href="/napoje/sirupy-a-koncentraty/sirupy">
                                                    Sirupy,
                                                </a>

                                                <a href="/napoje/sirupy-a-koncentraty/koncentraty">
                                                    Koncentráty,
                                                </a>

                                                <a href="/napoje/sirupy-a-koncentraty/barmanske-sirupy">
                                                    Barmanské sirupy,
                                                </a>
                                        <a href="/napoje/sirupy-a-koncentraty">...</a>
                                    </div>
                                </div>
                                <div class="product-type">
                                    <a href="/napoje/energy-drinky-iontove" class="product-type-image">
                                        <img data-src="https://cdn.kosik.cz/content/category/svg/menu/1159.svg" alt="Energy drinky, iontové">
                                    </a>
                                    <h3>
                                        <a class="children" href="/napoje/energy-drinky-iontove">
                                            Energy drinky, iontové
                                        </a>
                                    </h3>

                                                                    </div>
                                <div class="product-type">
                                    <a href="/napoje/caj-kava-a-ledova-kava" class="product-type-image">
                                        <img data-src="https://cdn.kosik.cz/content/category/svg/menu/1132.svg" alt="Čaj, káva a ledová káva">
                                    </a>
                                    <h3>
                                        <a class="children" href="/napoje/caj-kava-a-ledova-kava">
                                            Čaj, káva a ledová káva
                                        </a>
                                    </h3>

                                                                        <div class="categories-container">

                                                <a href="/napoje/caj-kava-a-ledova-kava/caj">
                                                    Čaj,
                                                </a>

                                                <a href="/napoje/caj-kava-a-ledova-kava/kava">
                                                    Káva,
                                                </a>

                                                <a href="/napoje/caj-kava-a-ledova-kava/ledova-kava">
                                                    Ledová káva,
                                                </a>
                                        <a href="/napoje/caj-kava-a-ledova-kava">...</a>
                                    </div>
                                </div>
                                <div class="product-type">
                                    <a href="/napoje/kakaa-cokolady-a-rozpustne" class="product-type-image">
                                        <img data-src="https://cdn.kosik.cz/content/category/svg/menu/1162.svg" alt="Kakaa, čokolády a rozpustné">
                                    </a>
                                    <h3>
                                        <a class="children" href="/napoje/kakaa-cokolady-a-rozpustne">
                                            Kakaa, čokolády a rozpustné
                                        </a>
                                    </h3>

                                                                        <div class="categories-container">


                                                <a href="/napoje/kakaa-cokolady-a-rozpustne/instantni-napoje">
                                                    Instantní nápoje,
                                                </a>

                                                <a href="/napoje/kakaa-cokolady-a-rozpustne/rozpustne-kavoviny">
                                                    Rozpustné kávoviny,
                                                </a>
                                        <a href="/napoje/kakaa-cokolady-a-rozpustne">...</a>
                                    </div>
                                </div>
                                <div class="product-type">
                                    <a href="/napoje/pivo" class="product-type-image">
                                        <img data-src="https://cdn.kosik.cz/content/category/svg/menu/1188.svg" alt="Pivo">
                                    </a>
                                    <h3>
                                        <a class="children" href="/napoje/pivo">
                                            Pivo
                                        </a>
                                    </h3>

                                                                        <div class="categories-container">

                                                <a href="/napoje/pivo/vycepni">
                                                    Výčepní,
                                                </a>

                                                <a href="/napoje/pivo/lezak">
                                                    Ležák,
                                                </a>

                                                <a href="/napoje/pivo/nealko">
                                                    Nealko,
                                                </a>

                                                <a href="/napoje/pivo/ale">
                                                    Ale,
                                                </a>

                                                <a href="/napoje/pivo/ochucene">
                                                    Ochucené,
                                                </a>

                                                <a href="/napoje/pivo/cider">
                                                    Cider,
                                                </a>

                                                <a href="/napoje/pivo/tmave">
                                                    Tmavé,
                                                </a>

                                                <a href="/napoje/pivo/psenicne">
                                                    Pšeničné,
                                                </a>



                                                <a href="/napoje/pivo/sudove">
                                                    Sudové,
                                                </a>


                                        <a href="/napoje/pivo">...</a>
                                    </div>
                                </div>
                                <div class="product-type">
                                    <a href="/napoje/vina" class="product-type-image">
                                        <img data-src="https://cdn.kosik.cz/content/category/svg/menu/1119.svg" alt="Vína">
                                    </a>
                                    <h3>
                                        <a class="children" href="/napoje/vina">
                                            Vína
                                        </a>
                                    </h3>

                                                                        <div class="categories-container">

                                                <a href="/napoje/vina/bila">
                                                    Bílá,
                                                </a>

                                                <a href="/napoje/vina/cervena">
                                                    Červená,
                                                </a>

                                                <a href="/napoje/vina/ruzova">
                                                    Řůžová,
                                                </a>

                                                <a href="/napoje/vina/sumiva-a-sampanske">
                                                    Šumivá a šampaňské,
                                                </a>
                                        <a href="/napoje/vina">...</a>
                                    </div>
                                </div>
                                <div class="product-type">
                                    <a href="/napoje/lihoviny" class="product-type-image">
                                        <img data-src="https://cdn.kosik.cz/content/category/svg/menu/1108.svg" alt="Lihoviny">
                                    </a>
                                    <h3>
                                        <a class="children" href="/napoje/lihoviny">
                                            Lihoviny
                                        </a>
                                    </h3>

                                                                        <div class="categories-container">

                                                <a href="/napoje/lihoviny/aperitivy">
                                                    Aperitivy,
                                                </a>

                                                <a href="/napoje/lihoviny/brandy-a-konak">
                                                    Brandy a koňak,
                                                </a>

                                                <a href="/napoje/lihoviny/gin-a-absinth">
                                                    Gin a absinth,
                                                </a>

                                                <a href="/napoje/lihoviny/rum">
                                                    Rum,
                                                </a>

                                                <a href="/napoje/lihoviny/vodka">
                                                    Vodka,
                                                </a>

                                                <a href="/napoje/lihoviny/whisky-a-bourbon">
                                                    Whisky a bourbon,
                                                </a>



                                        <a href="/napoje/lihoviny">...</a>
                                    </div>
                                </div>
                            </div>
                        </div>
                    </div>
                </li>
                <li class="sub with-children"
                    data-open="false">
                    <a href="/trvanlive">
                        Trvanlivé
                    </a>
                        <span class="category-toggle-sub mobile-small-nav-show"
                              onclick="this.parentNode.classList.toggle('open')">
							<i class="fa fa-angle-down" aria-hidden="true"></i>
						</span>
                    <div class="block block-droped-category">
                        <div class="block-droped-category-inner">
                            <div class="category-product-list">

                                                                <div class="product-type">
                                    <a href="/trvanlive/ocet-olej-cukr-sul-a-mouka" class="product-type-image">
                                        <img data-src="https://cdn.kosik.cz/content/category/svg/menu/1270.svg" alt="Ocet, olej, cukr, sůl a mouka">
                                    </a>
                                    <h3>
                                        <a class="children" href="/trvanlive/ocet-olej-cukr-sul-a-mouka">
                                            Ocet, olej, cukr, sůl a mouka
                                        </a>
                                    </h3>

                                                                        <div class="categories-container">

                                                <a href="/trvanlive/ocet-olej-cukr-sul-a-mouka/mouka">
                                                    Mouka,
                                                </a>

                                                <a href="/trvanlive/ocet-olej-cukr-sul-a-mouka/ocet">
                                                    Ocet,
                                                </a>

                                                <a href="/trvanlive/ocet-olej-cukr-sul-a-mouka/olej">
                                                    Olej,
                                                </a>

                                                <a href="/trvanlive/ocet-olej-cukr-sul-a-mouka/cukr">
                                                    Cukr,
                                                </a>

                                                <a href="/trvanlive/ocet-olej-cukr-sul-a-mouka/sul">
                                                    Sůl,
                                                </a>
                                        <a href="/trvanlive/ocet-olej-cukr-sul-a-mouka">...</a>
                                    </div>
                                </div>
                                <div class="product-type">
                                    <a href="/trvanlive/sladkosti" class="product-type-image">
                                        <img data-src="https://cdn.kosik.cz/content/category/svg/menu/1326.svg" alt="Sladkosti">
                                    </a>
                                    <h3>
                                        <a class="children" href="/trvanlive/sladkosti">
                                            Sladkosti
                                        </a>
                                    </h3>

                                                                        <div class="categories-container">

                                                <a href="/trvanlive/sladkosti/tabulkove-cokolady">
                                                    Tabulkové čokolády,
                                                </a>

                                                <a href="/trvanlive/sladkosti/cokoladove-tycinky">
                                                    Čokoládové tyčinky,
                                                </a>

                                                <a href="/trvanlive/sladkosti/bonboniery">
                                                    Bonboniéry,
                                                </a>




                                        <a href="/trvanlive/sladkosti">...</a>
                                    </div>
                                </div>
                                <div class="product-type">
                                    <a href="/trvanlive/ryze-lusteniny-testoviny-a-soja" class="product-type-image">
                                        <img data-src="https://cdn.kosik.cz/content/category/svg/menu/1295.svg" alt="Rýže, luštěniny, těstoviny a sója">
                                    </a>
                                    <h3>
                                        <a class="children" href="/trvanlive/ryze-lusteniny-testoviny-a-soja">
                                            Rýže, luštěniny, těstoviny a sója
                                        </a>
                                    </h3>

                                                                        <div class="categories-container">

                                                <a href="/trvanlive/ryze-lusteniny-testoviny-a-soja/ryze">
                                                    Rýže,
                                                </a>

                                                <a href="/trvanlive/ryze-lusteniny-testoviny-a-soja/lusteniny">
                                                    Luštěniny,
                                                </a>

                                                <a href="/trvanlive/ryze-lusteniny-testoviny-a-soja/testoviny">
                                                    Těstoviny,
                                                </a>
                                        <a href="/trvanlive/ryze-lusteniny-testoviny-a-soja">...</a>
                                    </div>
                                </div>
                                <div class="product-type">
                                    <a href="/trvanlive/slane" class="product-type-image">
                                        <img data-src="https://cdn.kosik.cz/content/category/svg/menu/1319.svg" alt="Slané">
                                    </a>
                                    <h3>
                                        <a class="children" href="/trvanlive/slane">
                                            Slané
                                        </a>
                                    </h3>

                                                                        <div class="categories-container">

                                                <a href="/trvanlive/slane/chipsy">
                                                    Chipsy,
                                                </a>

                                                <a href="/trvanlive/slane/krekry">
                                                    Krekry,
                                                </a>

                                                <a href="/trvanlive/slane/orisky-a-popcorn">
                                                    Oříšky a popcorn,
                                                </a>

                                                <a href="/trvanlive/slane/snacky">
                                                    Snacky,
                                                </a>
                                        <a href="/trvanlive/slane">...</a>
                                    </div>
                                </div>
                                <div class="product-type">
                                    <a href="/trvanlive/kecupy-horcice-kreny-a-protlaky" class="product-type-image">
                                        <img data-src="https://cdn.kosik.cz/content/category/svg/menu/1233.svg" alt="Kečupy, hořčice, křeny a protlaky">
                                    </a>
                                    <h3>
                                        <a class="children" href="/trvanlive/kecupy-horcice-kreny-a-protlaky">
                                            Kečupy, hořčice, křeny a protlaky
                                        </a>
                                    </h3>

                                                                        <div class="categories-container">

                                                <a href="/trvanlive/kecupy-horcice-kreny-a-protlaky/kecupy">
                                                    Kečupy,
                                                </a>

                                                <a href="/trvanlive/kecupy-horcice-kreny-a-protlaky/horcice">
                                                    Hořčice,
                                                </a>

                                                <a href="/trvanlive/kecupy-horcice-kreny-a-protlaky/kreny">
                                                    Křeny,
                                                </a>

                                                <a href="/trvanlive/kecupy-horcice-kreny-a-protlaky/protlaky">
                                                    Protlaky,
                                                </a>
                                        <a href="/trvanlive/kecupy-horcice-kreny-a-protlaky">...</a>
                                    </div>
                                </div>
                                <div class="product-type">
                                    <a href="/trvanlive/konzervovane-potraviny" class="product-type-image">
                                        <img data-src="https://cdn.kosik.cz/content/category/svg/menu/1238.svg" alt="Konzervované potraviny">
                                    </a>
                                    <h3>
                                        <a class="children" href="/trvanlive/konzervovane-potraviny">
                                            Konzervované potraviny
                                        </a>
                                    </h3>

                                                                        <div class="categories-container">

                                                <a href="/trvanlive/konzervovane-potraviny/zelenina">
                                                    Zelenina,
                                                </a>

                                                <a href="/trvanlive/konzervovane-potraviny/ovoce">
                                                    Ovoce,
                                                </a>

                                                <a href="/trvanlive/konzervovane-potraviny/maso-a-hotova-jidla">
                                                    Maso a hotová jídla,
                                                </a>

                                                <a href="/trvanlive/konzervovane-potraviny/pastiky">
                                                    Paštiky,
                                                </a>

                                                <a href="/trvanlive/konzervovane-potraviny/pomazanky">
                                                    Pomazánky,
                                                </a>

                                                <a href="/trvanlive/konzervovane-potraviny/ryby">
                                                    Ryby,
                                                </a>
                                        <a href="/trvanlive/konzervovane-potraviny">...</a>
                                    </div>
                                </div>
                                <div class="product-type">
                                    <a href="/trvanlive/mikulas-a-vanoce" class="product-type-image">
                                        <img data-src="https://cdn.kosik.cz/content/category/svg/menu/1318.svg" alt="Mikuláš a Vánoce">
                                    </a>
                                    <h3>
                                        <a class="children" href="/trvanlive/mikulas-a-vanoce">
                                            Mikuláš a Vánoce
                                        </a>
                                    </h3>

                                                                        <div class="categories-container">

                                                <a href="/trvanlive/mikulas-a-vanoce/vanocni-kolekce">
                                                    Vánoční kolekce,
                                                </a>

                                                <a href="/trvanlive/mikulas-a-vanoce/adventni-kalendare">
                                                    Adventní kalendáře,
                                                </a>

                                                <a href="/trvanlive/mikulas-a-vanoce/bonbony-a-cokolady">
                                                    Bonbóny a čokolády,
                                                </a>

                                        <a href="/trvanlive/mikulas-a-vanoce">...</a>
                                    </div>
                                </div>
                                <div class="product-type">
                                    <a href="/trvanlive/koreni-bujony-ochucovadla" class="product-type-image">
                                        <img data-src="https://cdn.kosik.cz/content/category/svg/menu/1266.svg" alt="Koření, bujóny, ochucovadla">
                                    </a>
                                    <h3>
                                        <a class="children" href="/trvanlive/koreni-bujony-ochucovadla">
                                            Koření, bujóny, ochucovadla
                                        </a>
                                    </h3>

                                                                        <div class="categories-container">

                                                <a href="/trvanlive/koreni-bujony-ochucovadla/koreni">
                                                    Koření,
                                                </a>

                                                <a href="/trvanlive/koreni-bujony-ochucovadla/bujony">
                                                    Bujóny,
                                                </a>

                                                <a href="/trvanlive/koreni-bujony-ochucovadla/ochucovadla">
                                                    Ochucovadla,
                                                </a>
                                        <a href="/trvanlive/koreni-bujony-ochucovadla">...</a>
                                    </div>
                                </div>
                                <div class="product-type">
                                    <a href="/trvanlive/prisady-na-vareni-a-peceni" class="product-type-image">
                                        <img data-src="https://cdn.kosik.cz/content/category/svg/menu/1280.svg" alt="Přísady na vaření a pečení">
                                    </a>
                                    <h3>
                                        <a class="children" href="/trvanlive/prisady-na-vareni-a-peceni">
                                            Přísady na vaření a pečení
                                        </a>
                                    </h3>

                                                                        <div class="categories-container">

                                                <a href="/trvanlive/prisady-na-vareni-a-peceni/prisady-na-peceni">
                                                    Přísady na pečení,
                                                </a>

                                                <a href="/trvanlive/prisady-na-vareni-a-peceni/omacky-v-prasku">
                                                    Omáčky v prášku,
                                                </a>

                                                <a href="/trvanlive/prisady-na-vareni-a-peceni/sladke-smesi">
                                                    Sladké směsi,
                                                </a>

                                                <a href="/trvanlive/prisady-na-vareni-a-peceni/pudinky">
                                                    Pudinky,
                                                </a>




                                        <a href="/trvanlive/prisady-na-vareni-a-peceni">...</a>
                                    </div>
                                </div>
                                <div class="product-type">
                                    <a href="/trvanlive/superfood" class="product-type-image">
                                        <img data-src="https://cdn.kosik.cz/content/category/svg/menu/1313.svg" alt="Superfood">
                                    </a>
                                    <h3>
                                        <a class="children" href="/trvanlive/superfood">
                                            Superfood
                                        </a>
                                    </h3>

                                                                        <div class="categories-container">

                                                <a href="/trvanlive/superfood/snidanove-smesi">
                                                    Snídaňové směsi,
                                                </a>


                                        <a href="/trvanlive/superfood">...</a>
                                    </div>
                                </div>
                                <div class="product-type">
                                    <a href="/trvanlive/dresingy-a-omacky" class="product-type-image">
                                        <img data-src="https://cdn.kosik.cz/content/category/svg/menu/1222.svg" alt="Dresingy a omáčky">
                                    </a>
                                    <h3>
                                        <a class="children" href="/trvanlive/dresingy-a-omacky">
                                            Dresingy a omáčky
                                        </a>
                                    </h3>

                                                                        <div class="categories-container">

                                                <a href="/trvanlive/dresingy-a-omacky/dresingy">
                                                    Dresingy,
                                                </a>

                                                <a href="/trvanlive/dresingy-a-omacky/omacky">
                                                    Omáčky,
                                                </a>
                                        <a href="/trvanlive/dresingy-a-omacky">...</a>
                                    </div>
                                </div>
                                <div class="product-type">
                                    <a href="/trvanlive/cerealie-a-musli" class="product-type-image">
                                        <img data-src="https://cdn.kosik.cz/content/category/svg/menu/1212.svg" alt="Cereálie a musli">
                                    </a>
                                    <h3>
                                        <a class="children" href="/trvanlive/cerealie-a-musli">
                                            Cereálie a musli
                                        </a>
                                    </h3>

                                                                        <div class="categories-container">


                                                <a href="/trvanlive/cerealie-a-musli/musli-a-ovesne-kase">
                                                    Musli a ovesné kaše,
                                                </a>

                                                <a href="/trvanlive/cerealie-a-musli/tycinky">
                                                    Tyčinky,
                                                </a>
                                        <a href="/trvanlive/cerealie-a-musli">...</a>
                                    </div>
                                </div>
                                <div class="product-type">
                                    <a href="/trvanlive/dzemy-medy-a-cokokremy" class="product-type-image">
                                        <img data-src="https://cdn.kosik.cz/content/category/svg/menu/1225.svg" alt="Džemy, medy a čokokrémy">
                                    </a>
                                    <h3>
                                        <a class="children" href="/trvanlive/dzemy-medy-a-cokokremy">
                                            Džemy, medy a čokokrémy
                                        </a>
                                    </h3>

                                                                        <div class="categories-container">

                                                <a href="/trvanlive/dzemy-medy-a-cokokremy/dzemy">
                                                    Džemy,
                                                </a>

                                                <a href="/trvanlive/dzemy-medy-a-cokokremy/medy">
                                                    Medy,
                                                </a>

                                                <a href="/trvanlive/dzemy-medy-a-cokokremy/cokokremy">
                                                    Čokokrémy,
                                                </a>

                                                <a href="/trvanlive/dzemy-medy-a-cokokremy/burakove-maslo">
                                                    Burákové máslo,
                                                </a>
                                        <a href="/trvanlive/dzemy-medy-a-cokokremy">...</a>
                                    </div>
                                </div>
                                <div class="product-type">
                                    <a href="/trvanlive/instantni-jidla-a-polevky" class="product-type-image">
                                        <img data-src="https://cdn.kosik.cz/content/category/svg/menu/1230.svg" alt="Instantní jídla a polévky">
                                    </a>
                                    <h3>
                                        <a class="children" href="/trvanlive/instantni-jidla-a-polevky">
                                            Instantní jídla a polévky
                                        </a>
                                    </h3>

                                                                        <div class="categories-container">

                                                <a href="/trvanlive/instantni-jidla-a-polevky/instantni-jidla">
                                                    Instantní jídla,
                                                </a>

                                                <a href="/trvanlive/instantni-jidla-a-polevky/instantni-polevky">
                                                    Instantní polévky,
                                                </a>
                                        <a href="/trvanlive/instantni-jidla-a-polevky">...</a>
                                    </div>
                                </div>
                                <div class="product-type">
                                    <a href="/trvanlive/mezinarodni-kuchyne" class="product-type-image">
                                        <img data-src="https://cdn.kosik.cz/content/category/svg/menu/1261.svg" alt="Mezinárodní kuchyně">
                                    </a>
                                    <h3>
                                        <a class="children" href="/trvanlive/mezinarodni-kuchyne">
                                            Mezinárodní kuchyně
                                        </a>
                                    </h3>

                                                                        <div class="categories-container">

                                                <a href="/trvanlive/mezinarodni-kuchyne/asijska">
                                                    Asijská,
                                                </a>

                                                <a href="/trvanlive/mezinarodni-kuchyne/mexicka">
                                                    Mexická,
                                                </a>

                                                <a href="/trvanlive/mezinarodni-kuchyne/stredomorska">
                                                    Středomořská,
                                                </a>

                                                <a href="/trvanlive/mezinarodni-kuchyne/thajska">
                                                    Thajská,
                                                </a>
                                        <a href="/trvanlive/mezinarodni-kuchyne">...</a>
                                    </div>
                                </div>
                            </div>
                        </div>
                    </div>
                </li>
                <li class="sub with-children"
                    data-open="false">
                    <a href="/mazlicci">
                        Mazlíčci
                    </a>
                        <span class="category-toggle-sub mobile-small-nav-show"
                              onclick="this.parentNode.classList.toggle('open')">
							<i class="fa fa-angle-down" aria-hidden="true"></i>
						</span>
                    <div class="block block-droped-category">
                        <div class="block-droped-category-inner">
                            <div class="category-product-list">

                                                                <div class="product-type">
                                    <a href="/mazlicci/kocky" class="product-type-image">
                                        <img data-src="https://cdn.kosik.cz/content/category/svg/menu/1579.svg" alt="Kočky">
                                    </a>
                                    <h3>
                                        <a class="children" href="/mazlicci/kocky">
                                            Kočky
                                        </a>
                                    </h3>

                                                                        <div class="categories-container">


                                                <a href="/mazlicci/kocky/konzervy-pro-kocky">
                                                    Konzervy pro kočky,
                                                </a>

                                                <a href="/mazlicci/kocky/kapsicky-pro-kocky">
                                                    Kapsičky pro kočky,
                                                </a>


                                                <a href="/mazlicci/kocky/hracky-pro-kocky">
                                                    Hračky pro kočky,
                                                </a>

                                                <a href="/mazlicci/kocky/steliva">
                                                    Steliva,
                                                </a>
                                        <a href="/mazlicci/kocky">...</a>
                                    </div>
                                </div>
                                <div class="product-type">
                                    <a href="/mazlicci/psi" class="product-type-image">
                                        <img data-src="https://cdn.kosik.cz/content/category/svg/menu/1580.svg" alt="Psi">
                                    </a>
                                    <h3>
                                        <a class="children" href="/mazlicci/psi">
                                            Psi
                                        </a>
                                    </h3>

                                                                        <div class="categories-container">

                                                <a href="/mazlicci/psi/granule-a-smesi-pro-psy">
                                                    Granule a směsi pro psy,
                                                </a>

                                                <a href="/mazlicci/psi/konzervy-pro-psy">
                                                    Konzervy pro psy,
                                                </a>


                                                <a href="/mazlicci/psi/hracky-a-pleny-pro-psy">
                                                    Hračky a pleny pro psy,
                                                </a>

                                        <a href="/mazlicci/psi">...</a>
                                    </div>
                                </div>
                                <div class="product-type">
                                    <a href="/mazlicci/hlodavci" class="product-type-image">
                                        <img data-src="https://cdn.kosik.cz/content/category/svg/menu/1364.svg" alt="Hlodavci">
                                    </a>
                                    <h3>
                                        <a class="children" href="/mazlicci/hlodavci">
                                            Hlodavci
                                        </a>
                                    </h3>

                                                                        <div class="categories-container">

                                                <a href="/mazlicci/hlodavci/krmiva">
                                                    Krmiva,
                                                </a>

                                                <a href="/mazlicci/hlodavci/steliva">
                                                    Steliva,
                                                </a>
                                        <a href="/mazlicci/hlodavci">...</a>
                                    </div>
                                </div>
                                <div class="product-type">
                                    <a href="/mazlicci/ptactvo" class="product-type-image">
                                        <img data-src="https://cdn.kosik.cz/content/category/svg/menu/1367.svg" alt="Ptactvo">
                                    </a>
                                    <h3>
                                        <a class="children" href="/mazlicci/ptactvo">
                                            Ptactvo
                                        </a>
                                    </h3>

                                                                    </div>
                            </div>
                        </div>
                    </div>
                </li>
                <li class="sub with-children"
                    data-open="false">
                    <a href="/deti">
                        Děti
                    </a>
                        <span class="category-toggle-sub mobile-small-nav-show"
                              onclick="this.parentNode.classList.toggle('open')">
							<i class="fa fa-angle-down" aria-hidden="true"></i>
						</span>
                    <div class="block block-droped-category">
                        <div class="block-droped-category-inner">
                            <div class="category-product-list">

                                                                <div class="product-type">
                                    <a href="/deti/detska-kosmetika" class="product-type-image">
                                        <img data-src="https://cdn.kosik.cz/content/category/svg/menu/1370.svg" alt="Dětská kosmetika">
                                    </a>
                                    <h3>
                                        <a class="children" href="/deti/detska-kosmetika">
                                            Dětská kosmetika
                                        </a>
                                    </h3>

                                                                        <div class="categories-container">


                                                <a href="/deti/detska-kosmetika/detske-kremy-a-oleje">
                                                    Dětské krémy a oleje,
                                                </a>


                                                <a href="/deti/detska-kosmetika/zubni-hygiena">
                                                    Zubní hygiena,
                                                </a>
                                        <a href="/deti/detska-kosmetika">...</a>
                                    </div>
                                </div>
                                <div class="product-type">
                                    <a href="/deti/jednorazove-pleny" class="product-type-image">
                                        <img data-src="https://cdn.kosik.cz/content/category/svg/menu/1592.svg" alt="Jednorázové pleny">
                                    </a>
                                    <h3>
                                        <a class="children" href="/deti/jednorazove-pleny">
                                            Jednorázové pleny
                                        </a>
                                    </h3>

                                                                        <div class="categories-container">

                                                <a href="/deti/jednorazove-pleny/velikost-1">
                                                    Velikost 1,
                                                </a>

                                                <a href="/deti/jednorazove-pleny/velikost-2">
                                                    Velikost 2,
                                                </a>

                                                <a href="/deti/jednorazove-pleny/velikost-3">
                                                    Velikost 3,
                                                </a>

                                                <a href="/deti/jednorazove-pleny/velikost-4">
                                                    Velikost 4,
                                                </a>

                                                <a href="/deti/jednorazove-pleny/velikost-5">
                                                    Velikost 5,
                                                </a>

                                                <a href="/deti/jednorazove-pleny/velikost-6">
                                                    Velikost 6,
                                                </a>
                                        <a href="/deti/jednorazove-pleny">...</a>
                                    </div>
                                </div>
                                <div class="product-type">
                                    <a href="/deti/eko" class="product-type-image">
                                        <img data-src="https://cdn.kosik.cz/content/category/svg/menu/1599.svg" alt="Eko">
                                    </a>
                                    <h3>
                                        <a class="children" href="/deti/eko">
                                            Eko
                                        </a>
                                    </h3>

                                                                        <div class="categories-container">

                                                <a href="/deti/eko/bio-pleny">
                                                    bio pleny,
                                                </a>
                                        <a href="/deti/eko">...</a>
                                    </div>
                                </div>
                                <div class="product-type">
                                    <a href="/deti/latkove-pleny" class="product-type-image">
                                        <img data-src="https://cdn.kosik.cz/content/category/svg/menu/1607.svg" alt="Látkové pleny">
                                    </a>
                                    <h3>
                                        <a class="children" href="/deti/latkove-pleny">
                                            Látkové pleny
                                        </a>
                                    </h3>

                                                                    </div>
                                <div class="product-type">
                                    <a href="/deti/prebalovaci-podlozky-a-vlhcene-ubrousky" class="product-type-image">
                                        <img data-src="https://cdn.kosik.cz/content/category/svg/menu/1608.svg" alt="Přebalovací podložky a vlhčené ubrousky">
                                    </a>
                                    <h3>
                                        <a class="children" href="/deti/prebalovaci-podlozky-a-vlhcene-ubrousky">
                                            Přebalovací podložky a vlhčené ubrousky
                                        </a>
                                    </h3>

                                                                    </div>
                                <div class="product-type">
                                    <a href="/deti/kojenecke-mleko-a-vyziva" class="product-type-image">
                                        <img data-src="https://cdn.kosik.cz/content/category/svg/menu/1609.svg" alt="Kojenecké mléko a výživa">
                                    </a>
                                    <h3>
                                        <a class="children" href="/deti/kojenecke-mleko-a-vyziva">
                                            Kojenecké mléko a výživa
                                        </a>
                                    </h3>

                                                                        <div class="categories-container">

                                                <a href="/deti/kojenecke-mleko-a-vyziva/bio-vyziva">
                                                    BIO výživa,
                                                </a>

                                                <a href="/deti/kojenecke-mleko-a-vyziva/kojenecka-mleka">
                                                    Kojenecká mléka,
                                                </a>

                                                <a href="/deti/kojenecke-mleko-a-vyziva/detske-kase">
                                                    Dětské kaše,
                                                </a>

                                                <a href="/deti/kojenecke-mleko-a-vyziva/kojenecke-prikrmy">
                                                    Kojenecké příkrmy,
                                                </a>

                                        <a href="/deti/kojenecke-mleko-a-vyziva">...</a>
                                    </div>
                                </div>
                                <div class="product-type">
                                    <a href="/deti/kojenecke-vody-a-napoje" class="product-type-image">
                                        <img data-src="https://cdn.kosik.cz/content/category/svg/menu/1619.svg" alt="Kojenecké vody a nápoje">
                                    </a>
                                    <h3>
                                        <a class="children" href="/deti/kojenecke-vody-a-napoje">
                                            Kojenecké vody a nápoje
                                        </a>
                                    </h3>

                                                                        <div class="categories-container">

                                                <a href="/deti/kojenecke-vody-a-napoje/vody">
                                                    Vody,
                                                </a>

                                                <a href="/deti/kojenecke-vody-a-napoje/caje">
                                                    Čaje,
                                                </a>

                                                <a href="/deti/kojenecke-vody-a-napoje/stavy">
                                                    Šťávy,
                                                </a>
                                        <a href="/deti/kojenecke-vody-a-napoje">...</a>
                                    </div>
                                </div>
                                <div class="product-type">
                                    <a href="/deti/hracky" class="product-type-image">
                                        <img data-src="https://cdn.kosik.cz/content/category/svg/menu/1373.svg" alt="Hračky">
                                    </a>
                                    <h3>
                                        <a class="children" href="/deti/hracky">
                                            Hračky
                                        </a>
                                    </h3>

                                                                        <div class="categories-container">

                                                <a href="/deti/hracky/hracky-pro-nejmensi">
                                                    Hračky pro nejmenší,
                                                </a>

                                        <a href="/deti/hracky">...</a>
                                    </div>
                                </div>
                                <div class="product-type">
                                    <a href="/deti/hry" class="product-type-image">
                                        <img data-src="https://cdn.kosik.cz/content/category/svg/menu/1376.svg" alt="Hry">
                                    </a>
                                    <h3>
                                        <a class="children" href="/deti/hry">
                                            Hry
                                        </a>
                                    </h3>

                                                                    </div>
                                <div class="product-type">
                                    <a href="/deti/kojenecke-potreby" class="product-type-image">
                                        <img data-src="https://cdn.kosik.cz/content/category/svg/menu/1377.svg" alt="Kojenecké potřeby">
                                    </a>
                                    <h3>
                                        <a class="children" href="/deti/kojenecke-potreby">
                                            Kojenecké potřeby
                                        </a>
                                    </h3>

                                                                        <div class="categories-container">

                                                <a href="/deti/kojenecke-potreby/lahve-a-dudliky">
                                                    Láhve a dudlíky,
                                                </a>

                                                <a href="/deti/kojenecke-potreby/potreby-na-kocarek">
                                                    Potřeby na kočárek,
                                                </a>

                                                <a href="/deti/kojenecke-potreby/osusky-a-bryndacky">
                                                    Osušky a bryndáčky,
                                                </a>

                                        <a href="/deti/kojenecke-potreby">...</a>
                                    </div>
                                </div>
                                <div class="product-type">
                                    <a href="/deti/tehotenstvi-kojeni" class="product-type-image">
                                        <img data-src="https://cdn.kosik.cz/content/category/svg/menu/1382.svg" alt="Těhotenství, kojení">
                                    </a>
                                    <h3>
                                        <a class="children" href="/deti/tehotenstvi-kojeni">
                                            Těhotenství, kojení
                                        </a>
                                    </h3>

                                                                        <div class="categories-container">

                                                <a href="/deti/tehotenstvi-kojeni/vyziva">
                                                    Výživa,
                                                </a>

                                                <a href="/deti/tehotenstvi-kojeni/napoje-pro-maminky">
                                                    Nápoje pro maminky,
                                                </a>

                                        <a href="/deti/tehotenstvi-kojeni">...</a>
                                    </div>
                                </div>
                                <div class="product-type">
                                    <a href="/deti/potreby-pro-skolaky" class="product-type-image">
                                        <img data-src="https://cdn.kosik.cz/content/category/svg/menu/1386.svg" alt="Potřeby pro školáky">
                                    </a>
                                    <h3>
                                        <a class="children" href="/deti/potreby-pro-skolaky">
                                            Potřeby pro školáky
                                        </a>
                                    </h3>

                                                                        <div class="categories-container">

                                                <a href="/deti/potreby-pro-skolaky/psaci-potreby">
                                                    Psací potřeby,
                                                </a>

                                                <a href="/deti/potreby-pro-skolaky/vytvarne-potreby">
                                                    Výtvarné potřeby,
                                                </a>

                                                <a href="/deti/potreby-pro-skolaky/sacky-na-backurky">
                                                    Sáčky na bačkůrky,
                                                </a>
                                        <a href="/deti/potreby-pro-skolaky">...</a>
                                    </div>
                                </div>
                            </div>
                        </div>
                    </div>
                </li>
                <li class="sub with-children"
                    data-open="false">
                    <a href="/domacnost-a-zahrada">
                        Domácnost a zahrada
                    </a>
                        <span class="category-toggle-sub mobile-small-nav-show"
                              onclick="this.parentNode.classList.toggle('open')">
							<i class="fa fa-angle-down" aria-hidden="true"></i>
						</span>
                    <div class="block block-droped-category">
                        <div class="block-droped-category-inner">
                            <div class="category-product-list">

                                                                <div class="product-type">
                                    <a href="/domacnost-a-zahrada/kuchyne" class="product-type-image">
                                        <img data-src="https://cdn.kosik.cz/content/category/svg/menu/1391.svg" alt="Kuchyně">
                                    </a>
                                    <h3>
                                        <a class="children" href="/domacnost-a-zahrada/kuchyne">
                                            Kuchyně
                                        </a>
                                    </h3>

                                                                        <div class="categories-container">

                                                <a href="/domacnost-a-zahrada/kuchyne/pytle-do-kosu-a-kose">
                                                    Pytle do košů a koše,
                                                </a>

                                                <a href="/domacnost-a-zahrada/kuchyne/stolovani">
                                                    Stolování,
                                                </a>

                                                <a href="/domacnost-a-zahrada/kuchyne/kuchynske-potreby">
                                                    Kuchyňské potřeby,
                                                </a>

                                        <a href="/domacnost-a-zahrada/kuchyne">...</a>
                                    </div>
                                </div>
                                <div class="product-type">
                                    <a href="/domacnost-a-zahrada/vanoce-sezonni-dekorace" class="product-type-image">
                                        <img data-src="https://cdn.kosik.cz/content/category/svg/menu/1451.svg" alt="Vánoce - sezonní dekorace">
                                    </a>
                                    <h3>
                                        <a class="children" href="/domacnost-a-zahrada/vanoce-sezonni-dekorace">
                                            Vánoce - sezonní dekorace
                                        </a>
                                    </h3>

                                                                    </div>
                                <div class="product-type">
                                    <a href="/domacnost-a-zahrada/dum-a-byt" class="product-type-image">
                                        <img data-src="https://cdn.kosik.cz/content/category/svg/menu/1405.svg" alt="Dům a byt">
                                    </a>
                                    <h3>
                                        <a class="children" href="/domacnost-a-zahrada/dum-a-byt">
                                            Dům a byt
                                        </a>
                                    </h3>

                                                                        <div class="categories-container">

                                                <a href="/domacnost-a-zahrada/dum-a-byt/pomucky-k-uklidu">
                                                    Pomůcky k úklidu,
                                                </a>

                                                <a href="/domacnost-a-zahrada/dum-a-byt/domaci-textil">
                                                    Domácí textil,
                                                </a>


                                                <a href="/domacnost-a-zahrada/dum-a-byt/svicky-a-vune">
                                                    Svíčky a vůně,
                                                </a>


                                                <a href="/domacnost-a-zahrada/dum-a-byt/pece-o-obuv">
                                                    Péče o obuv,
                                                </a>

                                        <a href="/domacnost-a-zahrada/dum-a-byt">...</a>
                                    </div>
                                </div>
                                <div class="product-type">
                                    <a href="/domacnost-a-zahrada/kucharky" class="product-type-image">
                                        <img data-src="https://cdn.kosik.cz/content/category/svg/menu/1438.svg" alt="Kuchařky">
                                    </a>
                                    <h3>
                                        <a class="children" href="/domacnost-a-zahrada/kucharky">
                                            Kuchařky
                                        </a>
                                    </h3>

                                                                    </div>
                                <div class="product-type">
                                    <a href="/domacnost-a-zahrada/zahrada" class="product-type-image">
                                        <img data-src="https://cdn.kosik.cz/content/category/svg/menu/1427.svg" alt="Zahrada">
                                    </a>
                                    <h3>
                                        <a class="children" href="/domacnost-a-zahrada/zahrada">
                                            Zahrada
                                        </a>
                                    </h3>

                                                                        <div class="categories-container">



                                                <a href="/domacnost-a-zahrada/zahrada/semena">
                                                    Semena,
                                                </a>

                                                <a href="/domacnost-a-zahrada/zahrada/doplnky">
                                                    Doplňky,
                                                </a>

                                                <a href="/domacnost-a-zahrada/zahrada/bazenova-chemie">
                                                    Bazénová chemie,
                                                </a>
                                        <a href="/domacnost-a-zahrada/zahrada">...</a>
                                    </div>
                                </div>
                                <div class="product-type">
                                    <a href="/domacnost-a-zahrada/grilovani" class="product-type-image">
                                        <img data-src="https://cdn.kosik.cz/content/category/svg/menu/1439.svg" alt="Grilování">
                                    </a>
                                    <h3>
                                        <a class="children" href="/domacnost-a-zahrada/grilovani">
                                            Grilování
                                        </a>
                                    </h3>

                                                                        <div class="categories-container">

                                                <a href="/domacnost-a-zahrada/grilovani/grily">
                                                    Grily,
                                                </a>


                                        <a href="/domacnost-a-zahrada/grilovani">...</a>
                                    </div>
                                </div>
                                <div class="product-type">
                                    <a href="/domacnost-a-zahrada/kancelar" class="product-type-image">
                                        <img data-src="https://cdn.kosik.cz/content/category/svg/menu/1393.svg" alt="Kancelář">
                                    </a>
                                    <h3>
                                        <a class="children" href="/domacnost-a-zahrada/kancelar">
                                            Kancelář
                                        </a>
                                    </h3>

                                                                        <div class="categories-container">

                                                <a href="/domacnost-a-zahrada/kancelar/kancelarske-potreby">
                                                    Kancelářské potřeby,
                                                </a>

                                                <a href="/domacnost-a-zahrada/kancelar/papirnictvi">
                                                    Papírnictví,
                                                </a>

                                                <a href="/domacnost-a-zahrada/kancelar/trideni-archivace">
                                                    Třídění, archivace,
                                                </a>
                                        <a href="/domacnost-a-zahrada/kancelar">...</a>
                                    </div>
                                </div>
                                <div class="product-type">
                                    <a href="/domacnost-a-zahrada/lekarna" class="product-type-image">
                                        <img data-src="https://cdn.kosik.cz/content/category/svg/menu/1398.svg" alt="Lékárna">
                                    </a>
                                    <h3>
                                        <a class="children" href="/domacnost-a-zahrada/lekarna">
                                            Lékárna
                                        </a>
                                    </h3>

                                                                        <div class="categories-container">

                                                <a href="/domacnost-a-zahrada/lekarna/vyziva-a-hubnuti">
                                                    Výživa a hubnutí,
                                                </a>


                                                <a href="/domacnost-a-zahrada/lekarna/vyziva-pro-sportovce">
                                                    Výživa pro sportovce,
                                                </a>

                                                <a href="/domacnost-a-zahrada/lekarna/myti-bez-vody">
                                                    Mytí bez vody,
                                                </a>




                                        <a href="/domacnost-a-zahrada/lekarna">...</a>
                                    </div>
                                </div>
                                <div class="product-type">
                                    <a href="/domacnost-a-zahrada/fitness" class="product-type-image">
                                        <img data-src="https://cdn.kosik.cz/content/category/svg/menu/1403.svg" alt="Fitness">
                                    </a>
                                    <h3>
                                        <a class="children" href="/domacnost-a-zahrada/fitness">
                                            Fitness
                                        </a>
                                    </h3>

                                                                        <div class="categories-container">

                                                <a href="/domacnost-a-zahrada/fitness/sportovni-vyziva">
                                                    Sportovní výživa,
                                                </a>
                                        <a href="/domacnost-a-zahrada/fitness">...</a>
                                    </div>
                                </div>
                            </div>
                        </div>
                    </div>
                </li>
                <li class="sub with-children"
                    data-open="false">
                    <a href="/drogerie">
                        Drogerie
                    </a>
                        <span class="category-toggle-sub mobile-small-nav-show"
                              onclick="this.parentNode.classList.toggle('open')">
							<i class="fa fa-angle-down" aria-hidden="true"></i>
						</span>
                    <div class="block block-droped-category">
                        <div class="block-droped-category-inner">
                            <div class="category-product-list">

                                                                <div class="product-type">
                                    <a href="/drogerie/pece-o-telo" class="product-type-image">
                                        <img data-src="https://cdn.kosik.cz/content/category/svg/menu/1531.svg" alt="Péče o tělo">
                                    </a>
                                    <h3>
                                        <a class="children" href="/drogerie/pece-o-telo">
                                            Péče o tělo
                                        </a>
                                    </h3>

                                                                        <div class="categories-container">

                                                <a href="/drogerie/pece-o-telo/telova-mleka-a-kremy">
                                                    Tělová mléka a krémy,
                                                </a>

                                                <a href="/drogerie/pece-o-telo/pece-o-ruce">
                                                    Péče o ruce,
                                                </a>

                                                <a href="/drogerie/pece-o-telo/pece-o-nohy">
                                                    Péče o nohy,
                                                </a>


                                                <a href="/drogerie/pece-o-telo/repelenty">
                                                    Repelenty,
                                                </a>
                                        <a href="/drogerie/pece-o-telo">...</a>
                                    </div>
                                </div>
                                <div class="product-type">
                                    <a href="/drogerie/darkove-sady" class="product-type-image">
                                        <img data-src="https://cdn.kosik.cz/content/category/svg/menu/1571.svg" alt="Dárkové sady">
                                    </a>
                                    <h3>
                                        <a class="children" href="/drogerie/darkove-sady">
                                            Dárkové sady
                                        </a>
                                    </h3>

                                                                        <div class="categories-container">

                                                <a href="/drogerie/darkove-sady/pro-zeny">
                                                    Pro ženy,
                                                </a>

                                                <a href="/drogerie/darkove-sady/pro-muze">
                                                    Pro muže,
                                                </a>

                                                <a href="/drogerie/darkove-sady/pro-deti">
                                                    Pro děti,
                                                </a>

                                                <a href="/drogerie/darkove-sady/unisex">
                                                    Unisex,
                                                </a>
                                        <a href="/drogerie/darkove-sady">...</a>
                                    </div>
                                </div>
                                <div class="product-type">
                                    <a href="/drogerie/praci-prostredky" class="product-type-image">
                                        <img data-src="https://cdn.kosik.cz/content/category/svg/menu/1456.svg" alt="Prací prostředky">
                                    </a>
                                    <h3>
                                        <a class="children" href="/drogerie/praci-prostredky">
                                            Prací prostředky
                                        </a>
                                    </h3>

                                                                        <div class="categories-container">

                                                <a href="/drogerie/praci-prostredky/prasky">
                                                    Prášky,
                                                </a>

                                                <a href="/drogerie/praci-prostredky/gely">
                                                    Gely,
                                                </a>

                                                <a href="/drogerie/praci-prostredky/kapsle">
                                                    Kapsle,
                                                </a>

                                                <a href="/drogerie/praci-prostredky/avivaze">
                                                    Aviváže,
                                                </a>

                                                <a href="/drogerie/praci-prostredky/detske-prani">
                                                    Dětské praní,
                                                </a>

                                                <a href="/drogerie/praci-prostredky/odstranovace-skvrn">
                                                    Odstraňovače skvrn,
                                                </a>
                                        <a href="/drogerie/praci-prostredky">...</a>
                                    </div>
                                </div>
                                <div class="product-type">
                                    <a href="/drogerie/cistici-prostredky" class="product-type-image">
                                        <img data-src="https://cdn.kosik.cz/content/category/svg/menu/1464.svg" alt="Čistící prostředky">
                                    </a>
                                    <h3>
                                        <a class="children" href="/drogerie/cistici-prostredky">
                                            Čistící prostředky
                                        </a>
                                    </h3>

                                                                        <div class="categories-container">

                                                <a href="/drogerie/cistici-prostredky/koupelna">
                                                    Koupelna,
                                                </a>

                                                <a href="/drogerie/cistici-prostredky/kuchyn">
                                                    Kuchyň,
                                                </a>

                                                <a href="/drogerie/cistici-prostredky/toaleta">
                                                    Toaleta,
                                                </a>

                                                <a href="/drogerie/cistici-prostredky/podlahy-a-koberce">
                                                    Podlahy a koberce,
                                                </a>

                                                <a href="/drogerie/cistici-prostredky/okna">
                                                    Okna,
                                                </a>

                                                <a href="/drogerie/cistici-prostredky/nabytek">
                                                    Nábytek,
                                                </a>

                                                <a href="/drogerie/cistici-prostredky/univerzalni">
                                                    Univerzální,
                                                </a>



                                        <a href="/drogerie/cistici-prostredky">...</a>
                                    </div>
                                </div>
                                <div class="product-type">
                                    <a href="/drogerie/myti-nadobi" class="product-type-image">
                                        <img data-src="https://cdn.kosik.cz/content/category/svg/menu/1551.svg" alt="Mytí nádobí">
                                    </a>
                                    <h3>
                                        <a class="children" href="/drogerie/myti-nadobi">
                                            Mytí nádobí
                                        </a>
                                    </h3>

                                                                        <div class="categories-container">

                                                <a href="/drogerie/myti-nadobi/prostredky-do-mycky">
                                                    Prostředky do myčky,
                                                </a>

                                                <a href="/drogerie/myti-nadobi/rucni-myti">
                                                    Ruční mytí,
                                                </a>

                                                <a href="/drogerie/myti-nadobi/hadriky-a-houbicky">
                                                    Hadříky a houbičky,
                                                </a>
                                        <a href="/drogerie/myti-nadobi">...</a>
                                    </div>
                                </div>
                                <div class="product-type">
                                    <a href="/drogerie/toaletni-papir-kapesniky-kuchynske-uterky" class="product-type-image">
                                        <img data-src="https://cdn.kosik.cz/content/category/svg/menu/1561.svg" alt="Toaletní papír, kapesníky, kuchyňské utěrky">
                                    </a>
                                    <h3>
                                        <a class="children" href="/drogerie/toaletni-papir-kapesniky-kuchynske-uterky">
                                            Toaletní papír, kapesníky, kuchyňské utěrky
                                        </a>
                                    </h3>

                                                                        <div class="categories-container">

                                                <a href="/drogerie/toaletni-papir-kapesniky-kuchynske-uterky/toaletni-papiry">
                                                    Toaletní papíry,
                                                </a>

                                                <a href="/drogerie/toaletni-papir-kapesniky-kuchynske-uterky/kapesniky">
                                                    Kapesníky,
                                                </a>

                                                <a href="/drogerie/toaletni-papir-kapesniky-kuchynske-uterky/kuchynske-uterky">
                                                    Kuchyňské utěrky,
                                                </a>
                                        <a href="/drogerie/toaletni-papir-kapesniky-kuchynske-uterky">...</a>
                                    </div>
                                </div>
                                <div class="product-type">
                                    <a href="/drogerie/sprchove-gely-mydla-peny" class="product-type-image">
                                        <img data-src="https://cdn.kosik.cz/content/category/svg/menu/1514.svg" alt="Sprchové gely, mýdla, pěny">
                                    </a>
                                    <h3>
                                        <a class="children" href="/drogerie/sprchove-gely-mydla-peny">
                                            Sprchové gely, mýdla, pěny
                                        </a>
                                    </h3>

                                                                        <div class="categories-container">

                                                <a href="/drogerie/sprchove-gely-mydla-peny/sprchove-gely">
                                                    Sprchové gely,
                                                </a>

                                                <a href="/drogerie/sprchove-gely-mydla-peny/mydla">
                                                    Mýdla,
                                                </a>

                                                <a href="/drogerie/sprchove-gely-mydla-peny/peny-a-oleje-do-koupele">
                                                    Pěny a oleje do koupele,
                                                </a>
                                        <a href="/drogerie/sprchove-gely-mydla-peny">...</a>
                                    </div>
                                </div>
                                <div class="product-type">
                                    <a href="/drogerie/pece-o-vlasy" class="product-type-image">
                                        <img data-src="https://cdn.kosik.cz/content/category/svg/menu/1523.svg" alt="Péče o vlasy">
                                    </a>
                                    <h3>
                                        <a class="children" href="/drogerie/pece-o-vlasy">
                                            Péče o vlasy
                                        </a>
                                    </h3>

                                                                        <div class="categories-container">

                                                <a href="/drogerie/pece-o-vlasy/sampony">
                                                    Šampony,
                                                </a>

                                                <a href="/drogerie/pece-o-vlasy/kondicionery">
                                                    Kondicionéry,
                                                </a>

                                                <a href="/drogerie/pece-o-vlasy/laky">
                                                    Laky,
                                                </a>

                                                <a href="/drogerie/pece-o-vlasy/tuzidla">
                                                    Tužidla,
                                                </a>

                                                <a href="/drogerie/pece-o-vlasy/gely">
                                                    Gely,
                                                </a>

                                                <a href="/drogerie/pece-o-vlasy/barvy-na-vlasy">
                                                    Barvy na vlasy,
                                                </a>
                                        <a href="/drogerie/pece-o-vlasy">...</a>
                                    </div>
                                </div>
                                <div class="product-type">
                                    <a href="/drogerie/pece-o-plet" class="product-type-image">
                                        <img data-src="https://cdn.kosik.cz/content/category/svg/menu/1541.svg" alt="Péče o pleť">
                                    </a>
                                    <h3>
                                        <a class="children" href="/drogerie/pece-o-plet">
                                            Péče o pleť
                                        </a>
                                    </h3>

                                                                        <div class="categories-container">

                                                <a href="/drogerie/pece-o-plet/pletove-kremy">
                                                    Pleťové krémy,
                                                </a>

                                                <a href="/drogerie/pece-o-plet/odlicovani">
                                                    Odličování,
                                                </a>

                                                <a href="/drogerie/pece-o-plet/masky-a-peelingy">
                                                    Masky a peelingy,
                                                </a>

                                                <a href="/drogerie/pece-o-plet/pece-o-rty">
                                                    Péče o rty,
                                                </a>

                                        <a href="/drogerie/pece-o-plet">...</a>
                                    </div>
                                </div>
                                <div class="product-type">
                                    <a href="/drogerie/ustni-hygiena" class="product-type-image">
                                        <img data-src="https://cdn.kosik.cz/content/category/svg/menu/1502.svg" alt="Ústní hygiena">
                                    </a>
                                    <h3>
                                        <a class="children" href="/drogerie/ustni-hygiena">
                                            Ústní hygiena
                                        </a>
                                    </h3>

                                                                        <div class="categories-container">

                                                <a href="/drogerie/ustni-hygiena/zubni-pasty">
                                                    Zubní pasty,
                                                </a>

                                                <a href="/drogerie/ustni-hygiena/zubni-kartacky">
                                                    Zubní kartáčky,
                                                </a>

                                                <a href="/drogerie/ustni-hygiena/ustni-vody">
                                                    Ústní vody,
                                                </a>

                                                <a href="/drogerie/ustni-hygiena/mezizubni-pece">
                                                    Mezizubní péče,
                                                </a>

                                        <a href="/drogerie/ustni-hygiena">...</a>
                                    </div>
                                </div>
                                <div class="product-type">
                                    <a href="/drogerie/deodoranty-a-antiperspiranty" class="product-type-image">
                                        <img data-src="https://cdn.kosik.cz/content/category/svg/menu/1477.svg" alt="Deodoranty a antiperspiranty">
                                    </a>
                                    <h3>
                                        <a class="children" href="/drogerie/deodoranty-a-antiperspiranty">
                                            Deodoranty a antiperspiranty
                                        </a>
                                    </h3>

                                                                        <div class="categories-container">

                                                <a href="/drogerie/deodoranty-a-antiperspiranty/damske">
                                                    Dámské,
                                                </a>

                                                <a href="/drogerie/deodoranty-a-antiperspiranty/panske">
                                                    Pánské,
                                                </a>
                                        <a href="/drogerie/deodoranty-a-antiperspiranty">...</a>
                                    </div>
                                </div>
                                <div class="product-type">
                                    <a href="/drogerie/holeni-a-epilace" class="product-type-image">
                                        <img data-src="https://cdn.kosik.cz/content/category/svg/menu/1493.svg" alt="Holení a epilace">
                                    </a>
                                    <h3>
                                        <a class="children" href="/drogerie/holeni-a-epilace">
                                            Holení a epilace
                                        </a>
                                    </h3>

                                                                        <div class="categories-container">

                                                <a href="/drogerie/holeni-a-epilace/damske">
                                                    Dámské,
                                                </a>

                                                <a href="/drogerie/holeni-a-epilace/panske">
                                                    Pánské,
                                                </a>
                                        <a href="/drogerie/holeni-a-epilace">...</a>
                                    </div>
                                </div>
                                <div class="product-type">
                                    <a href="/drogerie/damska-hygiena" class="product-type-image">
                                        <img data-src="https://cdn.kosik.cz/content/category/svg/menu/1508.svg" alt="Dámská hygiena">
                                    </a>
                                    <h3>
                                        <a class="children" href="/drogerie/damska-hygiena">
                                            Dámská hygiena
                                        </a>
                                    </h3>

                                                                        <div class="categories-container">

                                                <a href="/drogerie/damska-hygiena/vlozky">
                                                    Vložky,
                                                </a>

                                                <a href="/drogerie/damska-hygiena/tampony">
                                                    Tampóny,
                                                </a>

                                                <a href="/drogerie/damska-hygiena/intimni-hygiena">
                                                    Intimní hygiena,
                                                </a>
                                        <a href="/drogerie/damska-hygiena">...</a>
                                    </div>
                                </div>
                                <div class="product-type">
                                    <a href="/drogerie/eko-drogerie-a-kosmetika" class="product-type-image">
                                        <img data-src="https://cdn.kosik.cz/content/category/svg/menu/1488.svg" alt="Eko drogerie a kosmetika">
                                    </a>
                                    <h3>
                                        <a class="children" href="/drogerie/eko-drogerie-a-kosmetika">
                                            Eko drogerie a kosmetika
                                        </a>
                                    </h3>

                                                                        <div class="categories-container">

                                                <a href="/drogerie/eko-drogerie-a-kosmetika/prani">
                                                    Praní,
                                                </a>

                                                <a href="/drogerie/eko-drogerie-a-kosmetika/myti-nadobi">
                                                    Mytí nádobí,
                                                </a>

                                                <a href="/drogerie/eko-drogerie-a-kosmetika/cistici-prostredky">
                                                    Čistící prostředky,
                                                </a>

                                                <a href="/drogerie/eko-drogerie-a-kosmetika/prirodni-kosmetika">
                                                    Přírodní kosmetika,
                                                </a>
                                        <a href="/drogerie/eko-drogerie-a-kosmetika">...</a>
                                    </div>
                                </div>
                                <div class="product-type">
                                    <a href="/drogerie/pece-o-zdravi" class="product-type-image">
                                        <img data-src="https://cdn.kosik.cz/content/category/svg/menu/1565.svg" alt="Péče o zdraví">
                                    </a>
                                    <h3>
                                        <a class="children" href="/drogerie/pece-o-zdravi">
                                            Péče o zdraví
                                        </a>
                                    </h3>

                                                                        <div class="categories-container">

                                                <a href="/drogerie/pece-o-zdravi/intimni-chvile">
                                                    Intimní chvíle,
                                                </a>

                                                <a href="/drogerie/pece-o-zdravi/masazni-emulze">
                                                    Masážní emulze,
                                                </a>

                                                <a href="/drogerie/pece-o-zdravi/pece-o-telo-a-vlasy">
                                                    Péče o tělo a vlasy,
                                                </a>
                                        <a href="/drogerie/pece-o-zdravi">...</a>
                                    </div>
                                </div>
                            </div>
                        </div>
                    </div>
                </li>
                <li class="sub with-children"
                    data-open="false">
                    <a href="/trafika">
                        Trafika
                    </a>
                        <span class="category-toggle-sub mobile-small-nav-show"
                              onclick="this.parentNode.classList.toggle('open')">
							<i class="fa fa-angle-down" aria-hidden="true"></i>
						</span>
                    <div class="block block-droped-category">
                        <div class="block-droped-category-inner">
                            <div class="category-product-list">

                                                                <div class="product-type">
                                    <a href="/trafika/cigarety-a-tabak" class="product-type-image">
                                        <img data-src="https://cdn.kosik.cz/content/category/svg/menu/1578.svg" alt="Cigarety a tabák">
                                    </a>
                                    <h3>
                                        <a class="children" href="/trafika/cigarety-a-tabak">
                                            Cigarety a tabák
                                        </a>
                                    </h3>

                                                                    </div>
                            </div>
                        </div>
                    </div>
                </li>


        </ul>
    </div>
</div>

<script type="text/javascript">
    $(function() {
        $('.christmas-link').on('click', function () {
            if (window.innerWidth < 1025) {
                var mobileMenu = $('#big-menu');
                mobileMenu.toggleClass('open');
                basic.toggleClass((document.querySelector('body')), 'open-menu');
            }
            $('html, body').animate({
                scrollTop: $('#christmas-inspiration').offset().top - 100
            }, 2000);
            return false;
        });

    });
</script>

						<div
								class="region region-delivery-cart" id="fixed-menu">
							<div class="region-inner region-delivery-cart-inner">
								<div id="snippet--orderSlotPreviewArea">
<script>
    $(document).ready(function(){
        var nearest = $('.block-nearest-delivery');

        if(nearest.hasClass('unloaded')){
            $.nette.ajax("\/specialni-nabidka\/syrovy-special?do=orderSlotPreview-load").done(function(){
                nearest.removeClass('unloaded')
            });
        }
    })
</script>
<div class="block block-nearest-delivery unloaded" id="snippet-orderSlotPreview-slots">
        <span class="noslot">Nejbližší termín dodání se dozvíte v <strong>průběhu objednávání</strong>. Momentálně jsme zaneprázdněni vyřizováním objednávek ostatních zákazníků.</span>
</div>
								</div>

								<div class="block-cart-dropdown" id="snippet--cartPreview">
<div class="cart-fixing-box">
	<a href="javaScript:void(0);" onclick="fixing.openBox(&quot;\/specialni-nabidka\/syrovy-special?do=cartPreview-showCart&quot;)" id="cart-open-button" aria-hidden="true">
		<i class="fa fa-angle-down" aria-hidden="true"></i>
		<p class="units-in-cart">
			<span class="show-cart-text" data-visible="Obchod" data-hide="Zobrazit">
					Zobrazit
			</span>
			<span class="total-items-incart" id="snippet-cartPreview-totalItems"><span class="accessible">Počet položek v košíku: </span>0</span>
		</p>
	</a>
		<a class="open-cart button-simple button-red blur-modal-overlay kosik-modal-open" data-target="login-modal">
			Pokladna
		</a>
	<p class="cart-price button-simple button-green" id="snippet-cartPreview-totalPriceArea">
		<strong class="price">0,00 Kč</strong>
	</p>
</div>
<div class="cart-box fixed-top" id="cart-detail-preview">
<div id="snippet-cartPreview-cartBox"><div id="snippet-cartPreview-detail-">	<div class="cart-item-list-overlay">
		<div id="cart-items-list" class="cart-items-list min">
			<div class="cart-items-scroller">
				<h4 class="accessible">Položky v košíku</h2>
				<div class="cart-is-empty">
										Košík máte prázdný,<br>vraťte se <a href="javascript:void(0);" onclick="fixing.openBox('\/?do=cartPreview-showCart')">do obchodu</a>.
									</div>
			</div>
		</div>
<div id="snippet-cartPreview-detail-finalPrice">				<div class="make-order" id="make-order-button">
					<div class="cart-minimal">
						<p>
								Minimální cena objednávky je <b class="no-break"><strong class="price">500,00 Kč</strong></b> Kč
								<br>
								Přidejte zboží ještě alespoň za <em class="no-break"><strong class="price">500,00 Kč</strong></em>
						</p>
					</div>

						<a class="button button-red blur-modal-overlay kosik-modal-open" data-target="login-modal">
							Koupit za  0 Kč
						</a>
				</div>
			<script>
				$(document).ready(function(){
					$('.cart-control-delete, .cart-item-delete').click(function(){
						$(this).closest('li').addClass('hidden-product');
					});
				});
			</script>
</div>	</div>
	<script async>
		basic.documentReady(function () {

			if (window.innerWidth > 1024) {
				$('#delete-cart-items').on('click', function (e) {
					var message = confirm('Opravdu chcete vyprázdnit váš košík?')

					if (!message)
						e.preventDefault();
					else
						$.nette.ajax(this.dataset.href);
				});
			}
		});
	</script>
</div></div></div>
<script async>
	basic.documentReady(function(){
		fixing.init();
	});

	$(document).ajaxComplete(function(){
		fixing.reinitElements(true);
	});
</script>
								</div>
							</div>
						</div>
<div id="snippet-pASystem-"></div>					</div>

					<div class="region region-breadcrumb">
						<div class="region-inner region-breadcrumb-inner">
	<ol class="kosik-breadcrumb">
		<li>
			<a href="/">
				Košík.cz
			</a>
		</li>
		<li>
			<a href="/specialni-nabidka/syrovy-special">
				Sýrový speciál
			</a>
		</li>
	</ol>
						</div>
					</div>

				</div>
			</div>
		</header>

		<div class="mainOuter">
			
		</div>

		<div class="zone-wrapper zone-main-wrapper clearfix" role="main">
			<a name="maincontent" id="maincontent" aria-hidden="true"></a>
	<style>
		.zone-main-wrapper{
			max-width: 100%;
			padding: 0;
						background-image: url("https://cdn.kosik.cz/content/special-offer-background/png/default/5.png");
			background-repeat: repeat, no-repeat;
		}
		.kosik-breadcrumb, .region-brands-carousel {
			display: none;
		}

		@media screen and (max-width: 1024px) {
			.zone-main-wrapper {
				padding: 0 15px;
				background-image: none;
			}
			.zone.zone-footer{
				margin-left: 0 !important;
				margin-right: 0 !important;
			}
		}

	</style>
	<div class="zone-bg-shadow">
		<div class="zone zone-main zone-microsite clearfix">

			<h1 class="accessible">Sýrový speciál</h1>
			<img src="https://cdn.kosik.cz/content/special-offer/png/default/5.png" class="header-image" alt="" aria-hidden="true">

<div class="region region-microsite-comment" id="widget-uvod">
	<div class="region-inner region-microsite-comment-inner">
		<div class="block block-microsite-video">
				<img src="https://cdn.kosik.cz/content/widget/png/default/68.png" alt="">
		</div>

		<div class="block block-microsite-comment">
			<img src="https://cdn.kosik.cz/content/widget-photo/jpg/default/68.jpg" alt="Neodolatelné sýry Tomáše Polácha" class="comment-image">
			<div class="comment-name">
				<strong>Neodolatelné sýry Tomáše Polácha</strong>
				<div class="supplier"></div>
			</div>
			<div class="comment">
				<p style="font-weight: 400;">Cheedees. Tak se jmenuje&nbsp;značka vynikaj&iacute;c&iacute;ch česk&yacute;ch s&yacute;rů. Jej&iacute; zakladatel Tom&aacute;&scaron; Pol&aacute;ch se specializuje předev&scaron;&iacute;m na zraj&iacute;c&iacute; tvrd&eacute; s&yacute;ry v nejrůzněj&scaron;&iacute;ch př&iacute;chut&iacute;ch. Nech&aacute;v&aacute; je v klidu dozr&aacute;t na speci&aacute;ln&iacute;ch smrkov&yacute;ch prknech, kter&eacute; jsou pro zr&aacute;n&iacute; tohoto typu&nbsp;s&yacute;rů nejvhodněj&scaron;&iacute;. Ochutnejte, jak jsou lahodn&eacute;.</p>
			</div>
				<a href="https://www.kosik.cz/hledat?q=Lahodne_syry_microsite" class="button-simple button-red button-smaller">Ukázat nabídku</a>
		</div>
	</div>
</div>
<div class="kosik-modal-overlay product-modal" id="widget-productModal-specialOfferControl-widget-1" role="dialog">
	<div class="kosik-modal-inner large super-scaled" id="snippet-specialOfferControl-widget-1-productModalArea">
	</div>
</div>

<script async>
    $(document).ready(function () {
        var isOpen = $('body').hasClass('show');

        $('.region-recipes-makeYourself-carousel-inner .recipes-carousel').not('.slick-initialized').slick({
            dots: true,
            dotsClass: 'slick-dots slick-dots-hp',
            infinite: true,
            slidesToShow: 1,
            slidesToScroll:1,
            speed: 700,
            // autoplay: true,
            // autoplaySpeed: 5000
        });

        $('.region-banner-slider').not('.slick-initialized').slick({
            //dots: true,
            //dotsClass: 'slick-dots slick-dots-hp',
            infinite: true,
            slidesToShow: 1,
            autoplay: true,
            autoplaySpeed: 5000
        });

        $('.zone-microsite .basic-recomendation .recomendation-carousel-inner').not('.slick-initialized').slick({
            infinite: true,
            speed: 700,
            slidesToShow: isOpen ? 4 : 5,
            responsive: [
                {
                    breakpoint: 1025,
                    settings: {
                        slidesToShow: 4,
                        swipeToSlide: true
                    }
                },
                {
                    breakpoint: 769,
                    settings: {
                        slidesToShow: 3,
                        swipeToSlide: true
                    }
                },
                {
                    breakpoint: 560,
                    settings: {
                        slidesToShow: 2,
                        swipeToSlide: false,
                        slidesToScroll: 2
                    }
                },
                {
                    breakpoint: 360,
                    settings: {
                        slidesToShow: 1,
                        slidesToScroll:1
                    }
                }
            ]
        });

        $('.recipes-carousel').on('beforeChange', function(event, slick, currentSlide, nextSlide) {
            $('.zone-microsite .basic-recomendation .recomendation-carousel-inner[data-product-carousel="'+$(this).data('product-carousel')+'"]').slick('slickGoTo', nextSlide * 5);
        });

        fixing.onClose(function () {
            $('.zone-microsite .basic-recomendation .recomendation-carousel-inner').slick('slickSetOption', 'slidesToShow', 5, true);
            $('.recipes-carousel').slick('slickSetOption', 'slidesToShow', 1, true);

        });

        fixing.onOpen(function () {
            $('.zone-microsite .basic-recomendation .recomendation-carousel-inner').slick('slickSetOption', 'slidesToShow', 4, true);
            $('.recipes-carousel').slick('slickSetOption', 'slidesToShow', 1, true);
        });

    });

</script>	<div class="region region-product-tiles-detailed" id="widget-kategorie-syru">
		<div class="region-inner region-product-tiles-detailed-inner">
			<div class="block block-title block-title-horizontal-line">
				<h2><span>Kategorie sýrů</span></h2>
			</div>
			<div class="block block-tiles-detailed">
				<div class="block tiles-wrapper">
						<div class="tile active" style="background-color: #D8EBF0;">
							<a href="javascript:void(0)" onmouseover="openTileDetail(event, 'tile-detail-1')" onclick="openTileDetail(event, 'tile-detail-1')">
								<img src="https://cdn.kosik.cz/content/widget-section/png/default/13.png" title="Tvrdé a polotvrdé" alt="Tvrdé a polotvrdé">
							</a>
						</div>
						<div class="tile" style="background-color: #ECDF90;">
							<a href="javascript:void(0)" onmouseover="openTileDetail(event, 'tile-detail-2')" onclick="openTileDetail(event, 'tile-detail-2')">
								<img src="https://cdn.kosik.cz/content/widget-section/png/default/14.png" title="Kozí a ovčí" alt="Kozí a ovčí">
							</a>
						</div>
						<div class="tile" style="background-color: #ADCBD3;">
							<a href="javascript:void(0)" onmouseover="openTileDetail(event, 'tile-detail-3')" onclick="openTileDetail(event, 'tile-detail-3')">
								<img src="https://cdn.kosik.cz/content/widget-section/png/default/15.png" title="Plísňové" alt="Plísňové">
							</a>
						</div>
						<div class="tile" style="background-color: #F5D086;">
							<a href="javascript:void(0)" onmouseover="openTileDetail(event, 'tile-detail-4')" onclick="openTileDetail(event, 'tile-detail-4')">
								<img src="https://cdn.kosik.cz/content/widget-section/png/default/16.png" title="Pařené" alt="Pařené">
							</a>
						</div>
				</div>

					<div id="tile-detail-1" class="tile-detail" style="background-color: #D8EBF0; color:#5a747b; display: block">
						<h3 id="tile-detail-1-title" tabindex="-1">Tvrdé a polotvrdé</h3>
						<div class="multiple-columns">
							<p>Obecně plat&iacute;, že č&iacute;m m&eacute;ně vody, t&iacute;m tvrd&scaron;&iacute; s&yacute;r. Tvrd&eacute; s&yacute;ry se zpravidla lisuj&iacute; do bochn&iacute;ků a pak se nech&aacute;vaj&iacute; nějakou dobu zr&aacute;t. Někdy to trv&aacute; 3 měs&iacute;ce, jindy v&iacute;ce než rok. Za tu dobu z nich miz&iacute; voda, to v&scaron;ak neznamen&aacute;, že s&yacute;ry zůstanou such&eacute; na troud. Ty kvalitn&iacute; by neměly b&yacute;t uvnitř vysu&scaron;en&eacute; ani po dlouh&eacute;m zr&aacute;n&iacute;. Sp&iacute;&scaron;e t&iacute;m z&iacute;skaj&iacute; specifickou chuť a texturu. Tvrd&eacute; s&yacute;ry se těžko kr&aacute;j&iacute;, proto jsou obl&iacute;ben&eacute; nastrouhan&eacute; či namlet&eacute;. Mezi nejzn&aacute;měj&scaron;&iacute; patř&iacute; parmez&aacute;n, ement&aacute;l či čedar. Hranice mezi tvrd&yacute;mi a polotvrd&yacute;mi s&yacute;ry je v&scaron;ak tenk&aacute; a z&aacute;lež&iacute; na době zr&aacute;n&iacute; a způsobu př&iacute;pravy. Polotvrd&eacute; s&yacute;ry maj&iacute; pevnou strukturu, ale l&eacute;pe se kr&aacute;j&iacute;. Zraj&iacute; krat&scaron;&iacute; dobu a obsahuj&iacute; v&iacute;ce vody, jsou proto pružněj&scaron;&iacute; než s&yacute;ry tvrd&eacute;. V kuchyni tedy maj&iacute; velk&eacute; množstv&iacute; využit&iacute;, hod&iacute; se jak pro svačinky a gurm&aacute;nsk&aacute; posezen&iacute;, tak při vařen&iacute;. Patř&iacute; mezi ně třeba gouda či eidam.</p>
							<a href="https://www.kosik.cz/hledat?q=Tvrd%C3%A9_polotvrd%C3%A9_microsite" class="button-simple button-red button-smaller" aria-label="Prohlédnout sekci Tvrdé a polotvrdé">Prohlédnout sekci</a>
						</div>
					</div>
					<div id="tile-detail-2" class="tile-detail" style="background-color: #ECDF90; color:#80784a;">
						<h3 id="tile-detail-2-title" tabindex="-1">Kozí a ovčí</h3>
						<div class="multiple-columns">
							<p>Koz&iacute; a ovč&iacute; s&yacute;ry prov&aacute;zej&iacute; lidstvo už od nemapěti a maj&iacute; blahod&aacute;rn&yacute; &uacute;činek na zdrav&iacute;. Na z&aacute;padě sice nejčastěji využ&iacute;v&aacute;me pro ml&eacute;čn&yacute; chov kr&aacute;vy, ale ve zbytku světa jsou popul&aacute;rněj&scaron;&iacute; produkty z koz&iacute;ho ml&eacute;ka &ndash; a nen&iacute; divu. Ve srovn&aacute;n&iacute; s kravsk&yacute;m obsahuje dvakr&aacute;t tolik vitam&iacute;nu A a zhruba o 30 % v&iacute;ce vitam&iacute;nů B1 a B2. Tak&eacute; v něm najdeme m&eacute;ně kalori&iacute;, tuků i cholesterolu. Složen&iacute;m se podob&aacute; mateřsk&eacute;mu ml&eacute;ku, proto je l&eacute;pe straviteln&eacute;, působ&iacute; blahod&aacute;rně na žaludek a pom&aacute;h&aacute; spalovat tuky. Ovč&iacute; s&yacute;ry se zas py&scaron;n&iacute; vysok&yacute;m obsahem př&iacute;rodn&iacute;ch antioxidantů, probiotik a esenci&aacute;ln&iacute;ch mastn&yacute;ch kyselin. Nav&iacute;c jsou bohat&eacute; na vitam&iacute;ny a miner&aacute;ly a najdeme v nich bakterie prospě&scaron;n&eacute; pro lidskou střevn&iacute; mikrofl&oacute;ru. Typicky je jedli hor&scaron;t&iacute; pastevci, kteř&iacute; byli proslul&iacute; svou dlouhověkost&iacute;. Z ovč&iacute;ho ml&eacute;ka se dodnes vyr&aacute;b&iacute; zn&aacute;m&eacute; past&yacute;řsk&eacute; s&yacute;ry jako brynza či žinčica.</p>
							<a href="https://www.kosik.cz/hledat?q=Koz%C3%AD_ov%C4%8D%C3%AD_s%C3%BDry_microsite" class="button-simple button-red button-smaller" aria-label="Prohlédnout sekci Kozí a ovčí">Prohlédnout sekci</a>
						</div>
					</div>
					<div id="tile-detail-3" class="tile-detail" style="background-color: #ADCBD3; color:#47656d;">
						<h3 id="tile-detail-3-title" tabindex="-1">Plísňové</h3>
						<div class="multiple-columns">
							<p>Pl&iacute;sňov&eacute; s&yacute;ry jsou odjakživa symbolem vytř&iacute;ben&eacute; chuti a luxusu. Přid&aacute;vaj&iacute; se do nich pl&iacute;sňov&eacute; kultury, kter&eacute; jim d&aacute;vaj&iacute; specifickou chuť, vůni a barvu &ndash; rozli&scaron;ujeme s&yacute;ry s b&iacute;lou a modrou pl&iacute;sn&iacute;. Důležit&aacute; je i jej&iacute; poloha. S&yacute;ry s vněj&scaron;&iacute; pl&iacute;sn&iacute; b&yacute;vaj&iacute; nejměkč&iacute;, maj&iacute; kůrku na povrchu a zraj&iacute; nejkrat&scaron;&iacute; dobu, přibližně 2 &ndash; 6 t&yacute;dnů. Patř&iacute; mezi ně třeba camembert, brie či hermel&iacute;n. Jindy se pl&iacute;sňov&aacute; kultura naopak vstřikuje dovnitř jehlami. Spolu s n&iacute; se přid&aacute;v&aacute; tak&eacute; vzduch, kter&yacute; podpoř&iacute; jej&iacute; v&yacute;voj, takže se v průběhu zr&aacute;n&iacute; poř&aacute;dně rozroste. Tak vznikaj&iacute; s&yacute;ry s vnitřn&iacute; pl&iacute;sn&iacute;, mezi kter&eacute; řad&iacute;me i nivu či proslul&yacute; roquefort. Jin&eacute; s&yacute;ry kombinuj&iacute; oba v&yacute;&scaron;e zm&iacute;něn&eacute; postupy a py&scaron;n&iacute; se pl&iacute;sňov&yacute;mi kulturami jak na povrchu, tak i uvnitř. Takov&eacute; s&yacute;ry b&yacute;vaj&iacute; nejvytř&iacute;beněj&scaron;&iacute;, zpravidla v&scaron;ak maj&iacute; i nejvy&scaron;&scaron;&iacute; obsah tuku. Př&iacute;kladem budiž česk&yacute; vltav&iacute;n či cambozola.</p>
							<a href="https://www.kosik.cz/hledat?q=Pl%C3%ADsnov%C3%A9_s%C3%BDry_microsite" class="button-simple button-red button-smaller" aria-label="Prohlédnout sekci Plísňové">Prohlédnout sekci</a>
						</div>
					</div>
					<div id="tile-detail-4" class="tile-detail" style="background-color: #F5D086; color:#333333;">
						<h3 id="tile-detail-4-title" tabindex="-1">Pařené</h3>
						<div class="multiple-columns">
							<p>Pařen&eacute; s&yacute;ry jsou specifick&aacute; delikatesa na poli ml&eacute;čn&yacute;ch v&yacute;robků. Jde o s&yacute;ry z tv&aacute;rn&eacute; hmoty, kter&aacute; vznik&aacute; napařen&iacute;m s&yacute;řeniny při teplot&aacute;ch kolem 80 &deg;C. Vět&scaron;inou se prod&aacute;vaj&iacute; ve formě s&yacute;rov&yacute;ch nit&iacute; či p&aacute;sků, kter&eacute; mohou b&yacute;t zapleten&eacute; na různ&eacute; způsoby. Při jejich př&iacute;pravě je proto důležit&aacute; ručn&iacute; pr&aacute;ce a tradičn&iacute; postupy. Vyr&aacute;b&iacute; se ze v&scaron;ech možn&yacute;ch typů ml&eacute;ka, od ovč&iacute;ho po buvol&iacute;. Kl&iacute;čov&eacute; je, aby byla s&yacute;řenina spr&aacute;vně prokysan&aacute;, ide&aacute;lně na cca 5,2 pH. D&iacute;ky tomu je možn&eacute; vzniklou hmotu spr&aacute;vně hn&iacute;st a tvarovat. Často se ud&iacute; a dochucuj&iacute;, dle typu se někdy nech&aacute;vaj&iacute; i zr&aacute;t. Na pařen&yacute;ch s&yacute;rech si prvně pochutn&aacute;vali u Středozemn&iacute;ho moře &ndash; v It&aacute;lii, Řecku, Turecku a v zem&iacute;ch Balk&aacute;nu. S&yacute;ry si v&scaron;ak z&iacute;skaly silnou tradici třeba i na Slovensku. Nejzn&aacute;měj&scaron;&iacute;m pařen&yacute;m s&yacute;rem je celosvětově proslul&aacute; mozzarella, d&aacute;le pak třeba ka&scaron;kaval, o&scaron;tiepok, parenica či korb&aacute;čiky.</p>
							<a href="https://www.kosik.cz/hledat?q=Pa%C5%99en%C3%A9_s%C3%BDry_microsite" class="button-simple button-red button-smaller" aria-label="Prohlédnout sekci Pařené">Prohlédnout sekci</a>
						</div>
					</div>

			</div>
		</div>
	</div>
	<script>
		function openTileDetail(evt, tileDetailId) {
			var i, tabcontent, tablinks;
			tabcontent = document.getElementsByClassName("tile-detail");
			for (i = 0; i < tabcontent.length; i++) {
				tabcontent[i].style.display = "none";
			}
			tablinks = document.getElementsByClassName("tile");
			for (i = 0; i < tablinks.length; i++) {
				tablinks[i].className = tablinks[i].className.replace(" active", "");
			}
			document.getElementById(tileDetailId).style.display = "block";
			evt.currentTarget.parentNode.className += " active";
			document.getElementById(tileDetailId+'-title').focus();
		}
	</script>

<div class="kosik-modal-overlay product-modal" id="widget-productModal-specialOfferControl-widget-2" role="dialog">
	<div class="kosik-modal-inner large super-scaled" id="snippet-specialOfferControl-widget-2-productModalArea">
	</div>
</div>

<script async>
    $(document).ready(function () {
        var isOpen = $('body').hasClass('show');

        $('.region-recipes-makeYourself-carousel-inner .recipes-carousel').not('.slick-initialized').slick({
            dots: true,
            dotsClass: 'slick-dots slick-dots-hp',
            infinite: true,
            slidesToShow: 1,
            slidesToScroll:1,
            speed: 700,
            // autoplay: true,
            // autoplaySpeed: 5000
        });

        $('.region-banner-slider').not('.slick-initialized').slick({
            //dots: true,
            //dotsClass: 'slick-dots slick-dots-hp',
            infinite: true,
            slidesToShow: 1,
            autoplay: true,
            autoplaySpeed: 5000
        });

        $('.zone-microsite .basic-recomendation .recomendation-carousel-inner').not('.slick-initialized').slick({
            infinite: true,
            speed: 700,
            slidesToShow: isOpen ? 4 : 5,
            responsive: [
                {
                    breakpoint: 1025,
                    settings: {
                        slidesToShow: 4,
                        swipeToSlide: true
                    }
                },
                {
                    breakpoint: 769,
                    settings: {
                        slidesToShow: 3,
                        swipeToSlide: true
                    }
                },
                {
                    breakpoint: 560,
                    settings: {
                        slidesToShow: 2,
                        swipeToSlide: false,
                        slidesToScroll: 2
                    }
                },
                {
                    breakpoint: 360,
                    settings: {
                        slidesToShow: 1,
                        slidesToScroll:1
                    }
                }
            ]
        });

        $('.recipes-carousel').on('beforeChange', function(event, slick, currentSlide, nextSlide) {
            $('.zone-microsite .basic-recomendation .recomendation-carousel-inner[data-product-carousel="'+$(this).data('product-carousel')+'"]').slick('slickGoTo', nextSlide * 5);
        });

        fixing.onClose(function () {
            $('.zone-microsite .basic-recomendation .recomendation-carousel-inner').slick('slickSetOption', 'slidesToShow', 5, true);
            $('.recipes-carousel').slick('slickSetOption', 'slidesToShow', 1, true);

        });

        fixing.onOpen(function () {
            $('.zone-microsite .basic-recomendation .recomendation-carousel-inner').slick('slickSetOption', 'slidesToShow', 4, true);
            $('.recipes-carousel').slick('slickSetOption', 'slidesToShow', 1, true);
        });

    });

</script><div class="region region-product-tiles" id="widget-musite-ochutnat">
	<div class="region-inner region-product-tiles-inner">
		<div class="block block-title block-title-horizontal-line">
			<h2 style="color:#6f4a04"><span>Musíte ochutnat</span></h2>
		</div>
		<div class="block block-tiles">
				<div class="tile" style="background-color: #D8EBF0;">
					<div class="product-image">
						<img src="https://cdn.kosik.cz/content/widget-product/png/default/549.png" alt="Beemster XO 200g" aria-hidden="true">
					</div>
					<div class="product-info">
						<div class="product-info-inner">
							<h5><a href="javascript:void(0)" data-href="/specialni-nabidka/syrovy-special?specialOfferControl-widget-3-id=31143&amp;do=specialOfferControl-widget-3-modal" data-target="widget-productModal-specialOfferControl-widget-3" onclick="kosikAjax.click(this, null, function() { $('#widget-productModal-specialOfferControl-widget-3 .product-detail-related > .product-items').slick('unslick'); $('#widget-productModal-specialOfferControl-widget-3 .product-widget .product-items').slick('unslick'); $('#widget-productModal-specialOfferControl-widget-3 > .kosik-modal-inner').html(''); })" class="product-name">
								Beemster XO 200g
							</a></h5>
							<img src="https://cdn.kosik.cz/content/widget-product/png/default/549.png" alt="Beemster XO 200g" style="max-height: 80px;">
							<p class="product-price">
									<strong class="price">159,90 Kč</strong>
							</p>
							<div id="snippet-productList-buy-31143-quantity">
								<div class="product-quantity-control">
									<form action="/mrazene" method="post" class="ajax" id="frm-productList-buy-31143-quantityForm">
										<input type="text" name="quantity" size="3" id="frm-productList-buy-31143-quantityForm-quantity"  value="1" aria-label="počet k přidání">
										<input type="submit" name="_submit" value="Přidat" class="product-quantity-control-submit plus" aria-label="přidat počet do košíku">
										<input type="hidden" name="do" value="productList-buy-31143-quantityForm-submit">
										<!--[if IE]>
										<input type=IEbug disabled style="display:none">
										<![endif]-->
									</form>
								</div>
							</div>
						</div>
					</div>
				</div>
				<div class="tile" style="background-color: #E89A8A;">
					<div class="product-image">
						<img src="https://cdn.kosik.cz/content/widget-product/png/default/550.png" alt="Beemster mild 200g" aria-hidden="true">
					</div>
					<div class="product-info">
						<div class="product-info-inner">
							<h5><a href="javascript:void(0)" data-href="/specialni-nabidka/syrovy-special?specialOfferControl-widget-3-id=31150&amp;do=specialOfferControl-widget-3-modal" data-target="widget-productModal-specialOfferControl-widget-3" onclick="kosikAjax.click(this, null, function() { $('#widget-productModal-specialOfferControl-widget-3 .product-detail-related > .product-items').slick('unslick'); $('#widget-productModal-specialOfferControl-widget-3 .product-widget .product-items').slick('unslick'); $('#widget-productModal-specialOfferControl-widget-3 > .kosik-modal-inner').html(''); })" class="product-name">
								Beemster mild 200g
							</a></h5>
							<img src="https://cdn.kosik.cz/content/widget-product/png/default/550.png" alt="Beemster mild 200g" style="max-height: 80px;">
							<p class="product-price">
									<strong class="price">85,90 Kč</strong>
							</p>
							<div id="snippet-productList-buy-31150-quantity">
								<div class="product-quantity-control">
									<form action="/mrazene" method="post" class="ajax" id="frm-productList-buy-31150-quantityForm">
										<input type="text" name="quantity" size="3" id="frm-productList-buy-31150-quantityForm-quantity"  value="1" aria-label="počet k přidání">
										<input type="submit" name="_submit" value="Přidat" class="product-quantity-control-submit plus" aria-label="přidat počet do košíku">
										<input type="hidden" name="do" value="productList-buy-31150-quantityForm-submit">
										<!--[if IE]>
										<input type=IEbug disabled style="display:none">
										<![endif]-->
									</form>
								</div>
							</div>
						</div>
					</div>
				</div>
				<div class="tile" style="background-color: #FFDD9A;">
					<div class="product-image">
						<img src="https://cdn.kosik.cz/content/widget-product/png/default/551.png" alt="Arina Kozí sýr koriandr 100g" aria-hidden="true">
					</div>
					<div class="product-info">
						<div class="product-info-inner">
							<h5><a href="javascript:void(0)" data-href="/specialni-nabidka/syrovy-special?specialOfferControl-widget-3-id=31458&amp;do=specialOfferControl-widget-3-modal" data-target="widget-productModal-specialOfferControl-widget-3" onclick="kosikAjax.click(this, null, function() { $('#widget-productModal-specialOfferControl-widget-3 .product-detail-related > .product-items').slick('unslick'); $('#widget-productModal-specialOfferControl-widget-3 .product-widget .product-items').slick('unslick'); $('#widget-productModal-specialOfferControl-widget-3 > .kosik-modal-inner').html(''); })" class="product-name">
								Arina Kozí sýr koriandr 100g
							</a></h5>
							<img src="https://cdn.kosik.cz/content/widget-product/png/default/551.png" alt="Arina Kozí sýr koriandr 100g" style="max-height: 80px;">
							<p class="product-price">
									<strong class="price">63,90 Kč</strong>
							</p>
							<div id="snippet-productList-buy-31458-quantity">
								<div class="product-quantity-control">
									<form action="/mrazene" method="post" class="ajax" id="frm-productList-buy-31458-quantityForm">
										<input type="text" name="quantity" size="3" id="frm-productList-buy-31458-quantityForm-quantity"  value="1" aria-label="počet k přidání">
										<input type="submit" name="_submit" value="Přidat" class="product-quantity-control-submit plus" aria-label="přidat počet do košíku">
										<input type="hidden" name="do" value="productList-buy-31458-quantityForm-submit">
										<!--[if IE]>
										<input type=IEbug disabled style="display:none">
										<![endif]-->
									</form>
								</div>
							</div>
						</div>
					</div>
				</div>
				<div class="tile" style="background-color: #B7E3B8;">
					<div class="product-image">
						<img src="https://cdn.kosik.cz/content/widget-product/png/default/552.png" alt="Kaaswinkeltje Gouda sýr chilli 100g" aria-hidden="true">
					</div>
					<div class="product-info">
						<div class="product-info-inner">
							<h5><a href="javascript:void(0)" data-href="/specialni-nabidka/syrovy-special?specialOfferControl-widget-3-id=31449&amp;do=specialOfferControl-widget-3-modal" data-target="widget-productModal-specialOfferControl-widget-3" onclick="kosikAjax.click(this, null, function() { $('#widget-productModal-specialOfferControl-widget-3 .product-detail-related > .product-items').slick('unslick'); $('#widget-productModal-specialOfferControl-widget-3 .product-widget .product-items').slick('unslick'); $('#widget-productModal-specialOfferControl-widget-3 > .kosik-modal-inner').html(''); })" class="product-name">
								Kaaswinkeltje Gouda sýr chilli 100g
							</a></h5>
							<img src="https://cdn.kosik.cz/content/widget-product/png/default/552.png" alt="Kaaswinkeltje Gouda sýr chilli 100g" style="max-height: 80px;">
							<p class="product-price">
									<strong class="price">39,90 Kč</strong>
							</p>
							<div id="snippet-productList-buy-31449-quantity">
								<div class="product-quantity-control">
									<form action="/mrazene" method="post" class="ajax" id="frm-productList-buy-31449-quantityForm">
										<input type="text" name="quantity" size="3" id="frm-productList-buy-31449-quantityForm-quantity"  value="1" aria-label="počet k přidání">
										<input type="submit" name="_submit" value="Přidat" class="product-quantity-control-submit plus" aria-label="přidat počet do košíku">
										<input type="hidden" name="do" value="productList-buy-31449-quantityForm-submit">
										<!--[if IE]>
										<input type=IEbug disabled style="display:none">
										<![endif]-->
									</form>
								</div>
							</div>
						</div>
					</div>
				</div>
				<div class="tile" style="background-color: #F3C996;">
					<div class="product-image">
						<img src="https://cdn.kosik.cz/content/widget-product/png/default/553.png" alt="Olma Olbrie sýr s plísní 125g" aria-hidden="true">
					</div>
					<div class="product-info">
						<div class="product-info-inner">
							<h5><a href="javascript:void(0)" data-href="/specialni-nabidka/syrovy-special?specialOfferControl-widget-3-id=27618&amp;do=specialOfferControl-widget-3-modal" data-target="widget-productModal-specialOfferControl-widget-3" onclick="kosikAjax.click(this, null, function() { $('#widget-productModal-specialOfferControl-widget-3 .product-detail-related > .product-items').slick('unslick'); $('#widget-productModal-specialOfferControl-widget-3 .product-widget .product-items').slick('unslick'); $('#widget-productModal-specialOfferControl-widget-3 > .kosik-modal-inner').html(''); })" class="product-name">
								Olma Olbrie sýr s plísní 125g
							</a></h5>
							<img src="https://cdn.kosik.cz/content/widget-product/png/default/553.png" alt="Olma Olbrie sýr s plísní 125g" style="max-height: 80px;">
							<p class="product-price">
									<strong class="price">39,90 Kč</strong>
							</p>
							<div id="snippet-productList-buy-27618-quantity">
								<div class="product-quantity-control">
									<form action="/mrazene" method="post" class="ajax" id="frm-productList-buy-27618-quantityForm">
										<input type="text" name="quantity" size="3" id="frm-productList-buy-27618-quantityForm-quantity"  value="1" aria-label="počet k přidání">
										<input type="submit" name="_submit" value="Přidat" class="product-quantity-control-submit plus" aria-label="přidat počet do košíku">
										<input type="hidden" name="do" value="productList-buy-27618-quantityForm-submit">
										<!--[if IE]>
										<input type=IEbug disabled style="display:none">
										<![endif]-->
									</form>
								</div>
							</div>
						</div>
					</div>
				</div>
				<div class="tile" style="background-color: #ADCBD3;">
					<div class="product-image">
						<img src="https://cdn.kosik.cz/content/widget-product/png/default/554.png" alt="Zanetti Parmigiano Reggiano extra tvrdý sýr 150g" aria-hidden="true">
					</div>
					<div class="product-info">
						<div class="product-info-inner">
							<h5><a href="javascript:void(0)" data-href="/specialni-nabidka/syrovy-special?specialOfferControl-widget-3-id=7873&amp;do=specialOfferControl-widget-3-modal" data-target="widget-productModal-specialOfferControl-widget-3" onclick="kosikAjax.click(this, null, function() { $('#widget-productModal-specialOfferControl-widget-3 .product-detail-related > .product-items').slick('unslick'); $('#widget-productModal-specialOfferControl-widget-3 .product-widget .product-items').slick('unslick'); $('#widget-productModal-specialOfferControl-widget-3 > .kosik-modal-inner').html(''); })" class="product-name">
								Zanetti Parmigiano Reggiano extra tvrdý sýr 150g
							</a></h5>
							<img src="https://cdn.kosik.cz/content/widget-product/png/default/554.png" alt="Zanetti Parmigiano Reggiano extra tvrdý sýr 150g" style="max-height: 80px;">
							<p class="product-price">
									<strong class="price">134,90 Kč</strong>
							</p>
							<div id="snippet-productList-buy-7873-quantity">
								<div class="product-quantity-control">
									<form action="/mrazene" method="post" class="ajax" id="frm-productList-buy-7873-quantityForm">
										<input type="text" name="quantity" size="3" id="frm-productList-buy-7873-quantityForm-quantity"  value="1" aria-label="počet k přidání">
										<input type="submit" name="_submit" value="Přidat" class="product-quantity-control-submit plus" aria-label="přidat počet do košíku">
										<input type="hidden" name="do" value="productList-buy-7873-quantityForm-submit">
										<!--[if IE]>
										<input type=IEbug disabled style="display:none">
										<![endif]-->
									</form>
								</div>
							</div>
						</div>
					</div>
				</div>

			<div class="tile special cut-image" style="background-color: #FFF0C5;">
					<a href="javascript:void(0)" data-href="/specialni-nabidka/syrovy-special?do=specialOfferControl-widget-3-textModal" data-target="modal-text-specialOfferControl-widget-3" onclick="kosikAjax.click(this)" aria-label="Chci balíček">
				<img src="https://cdn.kosik.cz/content/widget/png/default/71.png" class="special-item-image" alt="">
				<span class="button-simple button-smaller special-button red" style="background-color: #5A4946; color: #ffffff !important;">Chci balíček</span>
				</a>
			</div>
		</div>
	</div>
</div>

<div class="kosik-modal-overlay modal-brand-company zero-padding" id="modal-text-specialOfferControl-widget-3" role="dialog" tabindex="-1">
	<div class="kosik-modal-inner large">
		<a href="javascript:void(0)" aria-label="Zavřít dialog" class="kosik-modal-close"></a>
		<img src="https://cdn.kosik.cz/content/widget-photo/jpg/default/71.jpg" alt="" aria-hidden="true">
		<div class="region region-brand-company-default">
			<p><strong>Soutěžte o bednu plnou s&yacute;rů Cheedees!</strong></p>
<p>Je tu &scaron;ance vyhr&aacute;t poho&scaron;těn&iacute;, kter&eacute; skutečně stoj&iacute; za to. Připravili jsme pro v&aacute;s bed&yacute;nku s v&yacute;běrem těch nejlahodněj&scaron;&iacute;ch s&yacute;rů značky Cheedees. Ta obsahuje mimo jin&eacute; tak&eacute; d&yacute;ňov&aacute; sem&iacute;nka či v&yacute;tečn&eacute; červen&eacute; v&iacute;no, kter&eacute; lahodnou s&yacute;rovou chuť v&yacute;borně dopln&iacute;.</p>
<p><strong>Jak se z&uacute;častnit? Stač&iacute; nakoupit alespoň 3 v&yacute;robky značky Cheedees a zaslat n&aacute;m č&iacute;slo objedn&aacute;vky emailem na adresu <a href="mailto:soutez@kosik.cz">soutez@kosik.cz</a>. Do předmětu emailu uveďte &bdquo;Cheedees&ldquo;. &Scaron;ťastn&eacute; v&yacute;herce vylosujeme 21. 1. 2018 a pot&eacute;m jim lahodnou v&yacute;hru doruč&iacute;me do 14 dnů. Soutěž prob&iacute;h&aacute; od 1. 1. 2018 do 20. 1. 2018.</strong></p>
		</div>
	</div>
</div>

<div class="kosik-modal-overlay product-modal" id="widget-productModal-specialOfferControl-widget-3" role="dialog">
	<div class="kosik-modal-inner large super-scaled" id="snippet-specialOfferControl-widget-3-productModalArea">
	</div>
</div>

<script async>
    $(document).ready(function () {
        var isOpen = $('body').hasClass('show');

        $('.region-recipes-makeYourself-carousel-inner .recipes-carousel').not('.slick-initialized').slick({
            dots: true,
            dotsClass: 'slick-dots slick-dots-hp',
            infinite: true,
            slidesToShow: 1,
            slidesToScroll:1,
            speed: 700,
            // autoplay: true,
            // autoplaySpeed: 5000
        });

        $('.region-banner-slider').not('.slick-initialized').slick({
            //dots: true,
            //dotsClass: 'slick-dots slick-dots-hp',
            infinite: true,
            slidesToShow: 1,
            autoplay: true,
            autoplaySpeed: 5000
        });

        $('.zone-microsite .basic-recomendation .recomendation-carousel-inner').not('.slick-initialized').slick({
            infinite: true,
            speed: 700,
            slidesToShow: isOpen ? 4 : 5,
            responsive: [
                {
                    breakpoint: 1025,
                    settings: {
                        slidesToShow: 4,
                        swipeToSlide: true
                    }
                },
                {
                    breakpoint: 769,
                    settings: {
                        slidesToShow: 3,
                        swipeToSlide: true
                    }
                },
                {
                    breakpoint: 560,
                    settings: {
                        slidesToShow: 2,
                        swipeToSlide: false,
                        slidesToScroll: 2
                    }
                },
                {
                    breakpoint: 360,
                    settings: {
                        slidesToShow: 1,
                        slidesToScroll:1
                    }
                }
            ]
        });

        $('.recipes-carousel').on('beforeChange', function(event, slick, currentSlide, nextSlide) {
            $('.zone-microsite .basic-recomendation .recomendation-carousel-inner[data-product-carousel="'+$(this).data('product-carousel')+'"]').slick('slickGoTo', nextSlide * 5);
        });

        fixing.onClose(function () {
            $('.zone-microsite .basic-recomendation .recomendation-carousel-inner').slick('slickSetOption', 'slidesToShow', 5, true);
            $('.recipes-carousel').slick('slickSetOption', 'slidesToShow', 1, true);

        });

        fixing.onOpen(function () {
            $('.zone-microsite .basic-recomendation .recomendation-carousel-inner').slick('slickSetOption', 'slidesToShow', 4, true);
            $('.recipes-carousel').slick('slickSetOption', 'slidesToShow', 1, true);
        });

    });

</script><div class="region region-recipes-makeYourself-carousel" id="widget-cerstve-syry">
	<div class="region-inner region-recipes-makeYourself-carousel-inner">
		<div class="block block-title block-title-horizontal-line">
			<h2 style="color:#6f4a04"><span>Čerstvé sýry</span></h2>
		</div>
		<div class="block recipes-carousel" data-product-carousel="cerstve-syry">
			<div class="recipe-item">
				<div class="recipe-item-content">
					<div class="text-wrapper">
						<h3>Čerstvé sýry</h3>
						<div class="recipe-item-text">
							<p>Nejčist&scaron;&iacute; s&yacute;ry jsou ty nejčerstvěj&scaron;&iacute;. Jde o prost&eacute; s&yacute;rov&eacute; zrno, kter&eacute; vznikne ze sražen&eacute;ho ml&eacute;ka a odděl&iacute; se od syrov&aacute;tky. Čerstv&eacute; s&yacute;ry se mohou ochucovat bylinkami či kořen&iacute;m, ale zpravidla nezraj&iacute; a jsou určen&eacute; k rychl&eacute; spotřebě. Nab&iacute;z&iacute; v&scaron;ak vydatnou porci zdrav&iacute;, ve kter&eacute; se několikr&aacute;t n&aacute;sob&iacute; v&scaron;echny dobr&eacute; vlastnosti ml&eacute;ka.</p>
						</div>

						<a href="https://www.kosik.cz/hledat?q=%C4%8Cerstv%C3%A9_s%C3%BDry_microsite" class="button-simple button-red button-smaller">Celá nabídka</a>
					</div>
				</div>
				<div class="recipe-item-image" >
						<img src="https://cdn.kosik.cz/content/widget-offer/jpg/default/72.jpg" alt="Čerstvé sýry">
						<span class="helper"></span>
				</div>
			</div>
		</div>
	</div>
</div>
<div class="kosik-modal-overlay product-modal" id="widget-productModal-specialOfferControl-widget-4" role="dialog">
	<div class="kosik-modal-inner large super-scaled" id="snippet-specialOfferControl-widget-4-productModalArea">
	</div>
</div>

<script async>
    $(document).ready(function () {
        var isOpen = $('body').hasClass('show');

        $('.region-recipes-makeYourself-carousel-inner .recipes-carousel').not('.slick-initialized').slick({
            dots: true,
            dotsClass: 'slick-dots slick-dots-hp',
            infinite: true,
            slidesToShow: 1,
            slidesToScroll:1,
            speed: 700,
            // autoplay: true,
            // autoplaySpeed: 5000
        });

        $('.region-banner-slider').not('.slick-initialized').slick({
            //dots: true,
            //dotsClass: 'slick-dots slick-dots-hp',
            infinite: true,
            slidesToShow: 1,
            autoplay: true,
            autoplaySpeed: 5000
        });

        $('.zone-microsite .basic-recomendation .recomendation-carousel-inner').not('.slick-initialized').slick({
            infinite: true,
            speed: 700,
            slidesToShow: isOpen ? 4 : 5,
            responsive: [
                {
                    breakpoint: 1025,
                    settings: {
                        slidesToShow: 4,
                        swipeToSlide: true
                    }
                },
                {
                    breakpoint: 769,
                    settings: {
                        slidesToShow: 3,
                        swipeToSlide: true
                    }
                },
                {
                    breakpoint: 560,
                    settings: {
                        slidesToShow: 2,
                        swipeToSlide: false,
                        slidesToScroll: 2
                    }
                },
                {
                    breakpoint: 360,
                    settings: {
                        slidesToShow: 1,
                        slidesToScroll:1
                    }
                }
            ]
        });

        $('.recipes-carousel').on('beforeChange', function(event, slick, currentSlide, nextSlide) {
            $('.zone-microsite .basic-recomendation .recomendation-carousel-inner[data-product-carousel="'+$(this).data('product-carousel')+'"]').slick('slickGoTo', nextSlide * 5);
        });

        fixing.onClose(function () {
            $('.zone-microsite .basic-recomendation .recomendation-carousel-inner').slick('slickSetOption', 'slidesToShow', 5, true);
            $('.recipes-carousel').slick('slickSetOption', 'slidesToShow', 1, true);

        });

        fixing.onOpen(function () {
            $('.zone-microsite .basic-recomendation .recomendation-carousel-inner').slick('slickSetOption', 'slidesToShow', 4, true);
            $('.recipes-carousel').slick('slickSetOption', 'slidesToShow', 1, true);
        });

    });

</script><div class="region region-product-recomendation basic-recomendation bg-red" id="widget-cerstve-syry">
	<div class="region-inner region-product-recomendation-inner" data-open="4" data-close="5">
<div class="block block-product-recomendation bg-red" data-ajax-append="product-item" style="background: #ffffff;" id="snippet-specialOfferControl-widget-5-widgetCarousel-73-productListArea">
    <div class="recomendation-carousel">
        <div class="recomendation-carousel-inner" data-product-carousel="cerstve-syry">
            <div id="product-append-14868" class="product-item">
                <div class="product-item-flags">
                </div>
                <div class="product-item-image">
                        <a data-href="/specialni-nabidka/syrovy-special?specialOfferControl-widget-5-widgetCarousel-73-id=14868&amp;do=specialOfferControl-widget-5-widgetCarousel-73-modal" data-target="specialOfferControl-widget-5-widgetCarousel-73-productModal" aria-hidden="true"
                           onclick="kosikAjax.click(this, null, function() { $('#specialOfferControl-widget-5-widgetCarousel-73-productModal .product-detail-related > .product-items').slick('unslick'); $('#specialOfferControl-widget-5-widgetCarousel-73-productModal .product-widget .product-items').slick('unslick'); $('#specialOfferControl-widget-5-widgetCarousel-73-productModal > .kosik-modal-inner').html(''); })">
                            <img src="https://cdn.kosik.cz/content/product/jpg/list/empty.jpg" data-src="https://cdn.kosik.cz/content/product/jpg/list/32137.jpg" alt="Zanetti Mozzarella di Bufala měkký sýr v nálevu 125g" class="loading-images loading-image">
                        </a>




                </div>

                                <div class="product-item-info">
                    <h5><a href="javascript:void(0)" aria-label="Zanetti Mozzarella di Bufala měkký sýr v nálevu 125g" data-href="/specialni-nabidka/syrovy-special?specialOfferControl-widget-5-widgetCarousel-73-id=14868&amp;do=specialOfferControl-widget-5-widgetCarousel-73-modal" class="product-name modal-link"
                           data-target="specialOfferControl-widget-5-widgetCarousel-73-productModal" onclick="kosikAjax.click(this, initModalCarousel(this), function() { $('#specialOfferControl-widget-5-widgetCarousel-73-productModal .product-detail-related > .product-items').slick('unslick'); $('#specialOfferControl-widget-5-widgetCarousel-73-productModal .product-widget .product-items').slick('unslick'); $('#specialOfferControl-widget-5-widgetCarousel-73-productModal > .kosik-modal-inner').html(''); })">
                            Zanetti Mozzarella di Bufala měkký sýr v nálevu 125g
                        </a>
                    </h5>
                    <p class="product-item-price ">
                        <span class="price-before-discount">
                        </span>
<strong class="price">69,90 Kč</strong>
                    </p>
                    <p class="product-item-unit">
                            (<strong class="price">559,20 Kč</strong> / kg)
                    </p>
                                        <div class="product-list-rating">
                    </div>
<div id="snippet-specialOfferControl-widget-5-widgetCarousel-73-buy-14868-quantity">        <div class="product-quantity-control">
            <form action="/specialni-nabidka/syrovy-special" method="post" class="ajax" id="frm-specialOfferControl-widget-5-widgetCarousel-73-buy-14868-quantityForm">
                <input type="text" name="quantity" size="3" id="frm-specialOfferControl-widget-5-widgetCarousel-73-buy-14868-quantityForm-quantity" data-nette-rules='[{"op":":integer","msg":"Množství musí být číslo."}]' value="1" aria-label="počet k přidání">
                <input type="submit" name="_submit" value="Přidat" class="product-quantity-control-submit plus" aria-label="přidat počet do košíku">
            <input type="hidden" name="do" value="specialOfferControl-widget-5-widgetCarousel-73-buy-14868-quantityForm-submit"><!--[if IE]><input type=IEbug disabled style="display:none"><![endif]-->
</form>

        </div>
</div>
                        <p class="product-incart-info accessible">Produkt nemáte v košíku</p>
                </div>

                
            </div>
            <div id="product-append-16832" class="product-item">
                <div class="product-item-flags">
                </div>
                <div class="product-item-image">
                        <a data-href="/specialni-nabidka/syrovy-special?specialOfferControl-widget-5-widgetCarousel-73-id=16832&amp;do=specialOfferControl-widget-5-widgetCarousel-73-modal" data-target="specialOfferControl-widget-5-widgetCarousel-73-productModal" aria-hidden="true"
                           onclick="kosikAjax.click(this, null, function() { $('#specialOfferControl-widget-5-widgetCarousel-73-productModal .product-detail-related > .product-items').slick('unslick'); $('#specialOfferControl-widget-5-widgetCarousel-73-productModal .product-widget .product-items').slick('unslick'); $('#specialOfferControl-widget-5-widgetCarousel-73-productModal > .kosik-modal-inner').html(''); })">
                            <img src="https://cdn.kosik.cz/content/product/jpg/list/empty.jpg" data-src="https://cdn.kosik.cz/content/product/jpg/list/34100.jpg" alt="Dodoni Feta čerstvý sýr ve vakuu 180g" class="loading-images loading-image">
                        </a>




                </div>

                                <div class="product-item-info">
                    <h5><a href="javascript:void(0)" aria-label="Dodoni Feta čerstvý sýr ve vakuu 180g" data-href="/specialni-nabidka/syrovy-special?specialOfferControl-widget-5-widgetCarousel-73-id=16832&amp;do=specialOfferControl-widget-5-widgetCarousel-73-modal" class="product-name modal-link"
                           data-target="specialOfferControl-widget-5-widgetCarousel-73-productModal" onclick="kosikAjax.click(this, initModalCarousel(this), function() { $('#specialOfferControl-widget-5-widgetCarousel-73-productModal .product-detail-related > .product-items').slick('unslick'); $('#specialOfferControl-widget-5-widgetCarousel-73-productModal .product-widget .product-items').slick('unslick'); $('#specialOfferControl-widget-5-widgetCarousel-73-productModal > .kosik-modal-inner').html(''); })">
                            Dodoni Feta čerstvý sýr ve vakuu 180g
                        </a>
                    </h5>
                    <p class="product-item-price ">
                        <span class="price-before-discount">
                        </span>
<strong class="price">89,90 Kč</strong>
                    </p>
                    <p class="product-item-unit">
                            (<strong class="price">499,40 Kč</strong> / kg)
                    </p>
                                        <div class="product-list-rating">
                    </div>
<div id="snippet-specialOfferControl-widget-5-widgetCarousel-73-buy-16832-quantity">        <div class="product-quantity-control">
            <form action="/specialni-nabidka/syrovy-special" method="post" class="ajax" id="frm-specialOfferControl-widget-5-widgetCarousel-73-buy-16832-quantityForm">
                <input type="text" name="quantity" size="3" id="frm-specialOfferControl-widget-5-widgetCarousel-73-buy-16832-quantityForm-quantity" data-nette-rules='[{"op":":integer","msg":"Množství musí být číslo."}]' value="1" aria-label="počet k přidání">
                <input type="submit" name="_submit" value="Přidat" class="product-quantity-control-submit plus" aria-label="přidat počet do košíku">
            <input type="hidden" name="do" value="specialOfferControl-widget-5-widgetCarousel-73-buy-16832-quantityForm-submit"><!--[if IE]><input type=IEbug disabled style="display:none"><![endif]-->
</form>

        </div>
</div>
                        <p class="product-incart-info accessible">Produkt nemáte v košíku</p>
                </div>

                
            </div>
            <div id="product-append-28056" class="product-item">
                <div class="product-item-flags">
                </div>
                <div class="product-item-image">
                        <a data-href="/specialni-nabidka/syrovy-special?specialOfferControl-widget-5-widgetCarousel-73-id=28056&amp;do=specialOfferControl-widget-5-widgetCarousel-73-modal" data-target="specialOfferControl-widget-5-widgetCarousel-73-productModal" aria-hidden="true"
                           onclick="kosikAjax.click(this, null, function() { $('#specialOfferControl-widget-5-widgetCarousel-73-productModal .product-detail-related > .product-items').slick('unslick'); $('#specialOfferControl-widget-5-widgetCarousel-73-productModal .product-widget .product-items').slick('unslick'); $('#specialOfferControl-widget-5-widgetCarousel-73-productModal > .kosik-modal-inner').html(''); })">
                            <img src="https://cdn.kosik.cz/content/product/jpg/list/empty.jpg" data-src="https://cdn.kosik.cz/content/product/jpg/list/45385.jpg" alt="Biofarma DoRa Čerstvý kozí sýr bílý 85g" class="loading-images loading-image">
                        </a>




                </div>

                                <div class="product-item-info">
                    <h5><a href="javascript:void(0)" aria-label="Biofarma DoRa Čerstvý kozí sýr bílý 85g" data-href="/specialni-nabidka/syrovy-special?specialOfferControl-widget-5-widgetCarousel-73-id=28056&amp;do=specialOfferControl-widget-5-widgetCarousel-73-modal" class="product-name modal-link"
                           data-target="specialOfferControl-widget-5-widgetCarousel-73-productModal" onclick="kosikAjax.click(this, initModalCarousel(this), function() { $('#specialOfferControl-widget-5-widgetCarousel-73-productModal .product-detail-related > .product-items').slick('unslick'); $('#specialOfferControl-widget-5-widgetCarousel-73-productModal .product-widget .product-items').slick('unslick'); $('#specialOfferControl-widget-5-widgetCarousel-73-productModal > .kosik-modal-inner').html(''); })">
                            Biofarma DoRa Čerstvý kozí sýr bílý 85g
                        </a>
                    </h5>
                    <p class="product-item-price ">
                        <span class="price-before-discount">
                        </span>
<strong class="price">44,90 Kč</strong>
                    </p>
                    <p class="product-item-unit">
                            (<strong class="price">528,20 Kč</strong> / kg)
                    </p>
                                        <div class="product-list-rating">
                    </div>
<div id="snippet-specialOfferControl-widget-5-widgetCarousel-73-buy-28056-quantity">        <div class="product-quantity-control">
            <form action="/specialni-nabidka/syrovy-special" method="post" class="ajax" id="frm-specialOfferControl-widget-5-widgetCarousel-73-buy-28056-quantityForm">
                <input type="text" name="quantity" size="3" id="frm-specialOfferControl-widget-5-widgetCarousel-73-buy-28056-quantityForm-quantity" data-nette-rules='[{"op":":integer","msg":"Množství musí být číslo."}]' value="1" aria-label="počet k přidání">
                <input type="submit" name="_submit" value="Přidat" class="product-quantity-control-submit plus" aria-label="přidat počet do košíku">
            <input type="hidden" name="do" value="specialOfferControl-widget-5-widgetCarousel-73-buy-28056-quantityForm-submit"><!--[if IE]><input type=IEbug disabled style="display:none"><![endif]-->
</form>

        </div>
</div>
                        <p class="product-incart-info accessible">Produkt nemáte v košíku</p>
                </div>

                
            </div>
            <div id="product-append-26030" class="product-item">
                <div class="product-item-flags">
                </div>
                <div class="product-item-image">
                        <a data-href="/specialni-nabidka/syrovy-special?specialOfferControl-widget-5-widgetCarousel-73-id=26030&amp;do=specialOfferControl-widget-5-widgetCarousel-73-modal" data-target="specialOfferControl-widget-5-widgetCarousel-73-productModal" aria-hidden="true"
                           onclick="kosikAjax.click(this, null, function() { $('#specialOfferControl-widget-5-widgetCarousel-73-productModal .product-detail-related > .product-items').slick('unslick'); $('#specialOfferControl-widget-5-widgetCarousel-73-productModal .product-widget .product-items').slick('unslick'); $('#specialOfferControl-widget-5-widgetCarousel-73-productModal > .kosik-modal-inner').html(''); })">
                            <img src="https://cdn.kosik.cz/content/product/jpg/list/empty.jpg" data-src="https://cdn.kosik.cz/content/product/jpg/list/43302.jpg" alt="Kromilk Čerstvý sýr rajče-bazalka 100g" class="loading-images loading-image">
                        </a>




                </div>

                                <div class="product-item-info">
                    <h5><a href="javascript:void(0)" aria-label="Kromilk Čerstvý sýr rajče-bazalka 100g" data-href="/specialni-nabidka/syrovy-special?specialOfferControl-widget-5-widgetCarousel-73-id=26030&amp;do=specialOfferControl-widget-5-widgetCarousel-73-modal" class="product-name modal-link"
                           data-target="specialOfferControl-widget-5-widgetCarousel-73-productModal" onclick="kosikAjax.click(this, initModalCarousel(this), function() { $('#specialOfferControl-widget-5-widgetCarousel-73-productModal .product-detail-related > .product-items').slick('unslick'); $('#specialOfferControl-widget-5-widgetCarousel-73-productModal .product-widget .product-items').slick('unslick'); $('#specialOfferControl-widget-5-widgetCarousel-73-productModal > .kosik-modal-inner').html(''); })">
                            Kromilk Čerstvý sýr rajče-bazalka 100g
                        </a>
                    </h5>
                    <p class="product-item-price ">
                        <span class="price-before-discount">
                        </span>
<strong class="price">25,90 Kč</strong>
                    </p>
                    <p class="product-item-unit">
                            (<strong class="price">259,00 Kč</strong> / kg)
                    </p>
                                        <div class="product-list-rating">
                    </div>
<div id="snippet-specialOfferControl-widget-5-widgetCarousel-73-buy-26030-quantity">        <div class="product-quantity-control">
            <form action="/specialni-nabidka/syrovy-special" method="post" class="ajax" id="frm-specialOfferControl-widget-5-widgetCarousel-73-buy-26030-quantityForm">
                <input type="text" name="quantity" size="3" id="frm-specialOfferControl-widget-5-widgetCarousel-73-buy-26030-quantityForm-quantity" data-nette-rules='[{"op":":integer","msg":"Množství musí být číslo."}]' value="1" aria-label="počet k přidání">
                <input type="submit" name="_submit" value="Přidat" class="product-quantity-control-submit plus" aria-label="přidat počet do košíku">
            <input type="hidden" name="do" value="specialOfferControl-widget-5-widgetCarousel-73-buy-26030-quantityForm-submit"><!--[if IE]><input type=IEbug disabled style="display:none"><![endif]-->
</form>

        </div>
</div>
                        <p class="product-incart-info accessible">Produkt nemáte v košíku</p>
                </div>

                
            </div>
            <div id="product-append-7952" class="product-item">
                <div class="product-item-flags">
                </div>
                <div class="product-item-image">
                        <a data-href="/specialni-nabidka/syrovy-special?specialOfferControl-widget-5-widgetCarousel-73-id=7952&amp;do=specialOfferControl-widget-5-widgetCarousel-73-modal" data-target="specialOfferControl-widget-5-widgetCarousel-73-productModal" aria-hidden="true"
                           onclick="kosikAjax.click(this, null, function() { $('#specialOfferControl-widget-5-widgetCarousel-73-productModal .product-detail-related > .product-items').slick('unslick'); $('#specialOfferControl-widget-5-widgetCarousel-73-productModal .product-widget .product-items').slick('unslick'); $('#specialOfferControl-widget-5-widgetCarousel-73-productModal > .kosik-modal-inner').html(''); })">
                            <img src="https://cdn.kosik.cz/content/product/jpg/list/empty.jpg" data-src="https://cdn.kosik.cz/content/product/jpg/list/13470.jpg" alt="Président Rondelé Čerstvý sýr s vlašskými ořechy z kraje Dordogne 100g" class="loading-images loading-image">
                        </a>




                </div>

                                <div class="product-item-info">
                    <h5><a href="javascript:void(0)" aria-label="Président Rondelé Čerstvý sýr s vlašskými ořechy z kraje Dordogne 100g" data-href="/specialni-nabidka/syrovy-special?specialOfferControl-widget-5-widgetCarousel-73-id=7952&amp;do=specialOfferControl-widget-5-widgetCarousel-73-modal" class="product-name modal-link"
                           data-target="specialOfferControl-widget-5-widgetCarousel-73-productModal" onclick="kosikAjax.click(this, initModalCarousel(this), function() { $('#specialOfferControl-widget-5-widgetCarousel-73-productModal .product-detail-related > .product-items').slick('unslick'); $('#specialOfferControl-widget-5-widgetCarousel-73-productModal .product-widget .product-items').slick('unslick'); $('#specialOfferControl-widget-5-widgetCarousel-73-productModal > .kosik-modal-inner').html(''); })">
                            Président Rondelé Čerstvý sýr s vlašskými ořechy z kraje Dordogne 100g
                        </a>
                    </h5>
                    <p class="product-item-price ">
                        <span class="price-before-discount">
                        </span>
<strong class="price">39,90 Kč</strong>
                    </p>
                    <p class="product-item-unit">
                            (<strong class="price">399,00 Kč</strong> / kg)
                    </p>
                                        <div class="product-list-rating">
                    </div>
<div id="snippet-specialOfferControl-widget-5-widgetCarousel-73-buy-7952-quantity">        <div class="product-quantity-control">
            <form action="/specialni-nabidka/syrovy-special" method="post" class="ajax" id="frm-specialOfferControl-widget-5-widgetCarousel-73-buy-7952-quantityForm">
                <input type="text" name="quantity" size="3" id="frm-specialOfferControl-widget-5-widgetCarousel-73-buy-7952-quantityForm-quantity" data-nette-rules='[{"op":":integer","msg":"Množství musí být číslo."}]' value="1" aria-label="počet k přidání">
                <input type="submit" name="_submit" value="Přidat" class="product-quantity-control-submit plus" aria-label="přidat počet do košíku">
            <input type="hidden" name="do" value="specialOfferControl-widget-5-widgetCarousel-73-buy-7952-quantityForm-submit"><!--[if IE]><input type=IEbug disabled style="display:none"><![endif]-->
</form>

        </div>
</div>
                        <p class="product-incart-info accessible">Produkt nemáte v košíku</p>
                </div>

                
            </div>
            <div id="product-append-7969" class="product-item">
                <div class="product-item-flags">
                </div>
                <div class="product-item-image">
                        <a data-href="/specialni-nabidka/syrovy-special?specialOfferControl-widget-5-widgetCarousel-73-id=7969&amp;do=specialOfferControl-widget-5-widgetCarousel-73-modal" data-target="specialOfferControl-widget-5-widgetCarousel-73-productModal" aria-hidden="true"
                           onclick="kosikAjax.click(this, null, function() { $('#specialOfferControl-widget-5-widgetCarousel-73-productModal .product-detail-related > .product-items').slick('unslick'); $('#specialOfferControl-widget-5-widgetCarousel-73-productModal .product-widget .product-items').slick('unslick'); $('#specialOfferControl-widget-5-widgetCarousel-73-productModal > .kosik-modal-inner').html(''); })">
                            <img src="https://cdn.kosik.cz/content/product/jpg/list/empty.jpg" data-src="https://cdn.kosik.cz/content/product/jpg/list/13495.jpg" alt="Président Rondelé s kozím sýrem 100g" class="loading-images loading-image">
                        </a>




                </div>

                                <div class="product-item-info">
                    <h5><a href="javascript:void(0)" aria-label="Président Rondelé s kozím sýrem 100g" data-href="/specialni-nabidka/syrovy-special?specialOfferControl-widget-5-widgetCarousel-73-id=7969&amp;do=specialOfferControl-widget-5-widgetCarousel-73-modal" class="product-name modal-link"
                           data-target="specialOfferControl-widget-5-widgetCarousel-73-productModal" onclick="kosikAjax.click(this, initModalCarousel(this), function() { $('#specialOfferControl-widget-5-widgetCarousel-73-productModal .product-detail-related > .product-items').slick('unslick'); $('#specialOfferControl-widget-5-widgetCarousel-73-productModal .product-widget .product-items').slick('unslick'); $('#specialOfferControl-widget-5-widgetCarousel-73-productModal > .kosik-modal-inner').html(''); })">
                            Président Rondelé s kozím sýrem 100g
                        </a>
                    </h5>
                    <p class="product-item-price ">
                        <span class="price-before-discount">
                        </span>
<strong class="price">39,90 Kč</strong>
                    </p>
                    <p class="product-item-unit">
                            (<strong class="price">399,00 Kč</strong> / kg)
                    </p>
                                        <div class="product-list-rating">
                    </div>
<div id="snippet-specialOfferControl-widget-5-widgetCarousel-73-buy-7969-quantity">        <div class="product-quantity-control">
            <form action="/specialni-nabidka/syrovy-special" method="post" class="ajax" id="frm-specialOfferControl-widget-5-widgetCarousel-73-buy-7969-quantityForm">
                <input type="text" name="quantity" size="3" id="frm-specialOfferControl-widget-5-widgetCarousel-73-buy-7969-quantityForm-quantity" data-nette-rules='[{"op":":integer","msg":"Množství musí být číslo."}]' value="1" aria-label="počet k přidání">
                <input type="submit" name="_submit" value="Přidat" class="product-quantity-control-submit plus" aria-label="přidat počet do košíku">
            <input type="hidden" name="do" value="specialOfferControl-widget-5-widgetCarousel-73-buy-7969-quantityForm-submit"><!--[if IE]><input type=IEbug disabled style="display:none"><![endif]-->
</form>

        </div>
</div>
                        <p class="product-incart-info accessible">Produkt nemáte v košíku</p>
                </div>

                
            </div>
            <div id="product-append-7920" class="product-item">
                <div class="product-item-flags">
                </div>
                <div class="product-item-image">
                        <a data-href="/specialni-nabidka/syrovy-special?specialOfferControl-widget-5-widgetCarousel-73-id=7920&amp;do=specialOfferControl-widget-5-widgetCarousel-73-modal" data-target="specialOfferControl-widget-5-widgetCarousel-73-productModal" aria-hidden="true"
                           onclick="kosikAjax.click(this, null, function() { $('#specialOfferControl-widget-5-widgetCarousel-73-productModal .product-detail-related > .product-items').slick('unslick'); $('#specialOfferControl-widget-5-widgetCarousel-73-productModal .product-widget .product-items').slick('unslick'); $('#specialOfferControl-widget-5-widgetCarousel-73-productModal > .kosik-modal-inner').html(''); })">
                            <img src="https://cdn.kosik.cz/content/product/jpg/list/empty.jpg" data-src="https://cdn.kosik.cz/content/product/jpg/list/13428.jpg" alt="Kromilk Čerstvý sýr pikant 100g" class="loading-images loading-image">
                        </a>




                </div>

                                <div class="product-item-info">
                    <h5><a href="javascript:void(0)" aria-label="Kromilk Čerstvý sýr pikant 100g" data-href="/specialni-nabidka/syrovy-special?specialOfferControl-widget-5-widgetCarousel-73-id=7920&amp;do=specialOfferControl-widget-5-widgetCarousel-73-modal" class="product-name modal-link"
                           data-target="specialOfferControl-widget-5-widgetCarousel-73-productModal" onclick="kosikAjax.click(this, initModalCarousel(this), function() { $('#specialOfferControl-widget-5-widgetCarousel-73-productModal .product-detail-related > .product-items').slick('unslick'); $('#specialOfferControl-widget-5-widgetCarousel-73-productModal .product-widget .product-items').slick('unslick'); $('#specialOfferControl-widget-5-widgetCarousel-73-productModal > .kosik-modal-inner').html(''); })">
                            Kromilk Čerstvý sýr pikant 100g
                        </a>
                    </h5>
                    <p class="product-item-price ">
                        <span class="price-before-discount">
                        </span>
<strong class="price">25,90 Kč</strong>
                    </p>
                    <p class="product-item-unit">
                            (<strong class="price">259,00 Kč</strong> / kg)
                    </p>
                                        <div class="product-list-rating">
                    </div>
<div id="snippet-specialOfferControl-widget-5-widgetCarousel-73-buy-7920-quantity">        <div class="product-quantity-control">
            <form action="/specialni-nabidka/syrovy-special" method="post" class="ajax" id="frm-specialOfferControl-widget-5-widgetCarousel-73-buy-7920-quantityForm">
                <input type="text" name="quantity" size="3" id="frm-specialOfferControl-widget-5-widgetCarousel-73-buy-7920-quantityForm-quantity" data-nette-rules='[{"op":":integer","msg":"Množství musí být číslo."}]' value="1" aria-label="počet k přidání">
                <input type="submit" name="_submit" value="Přidat" class="product-quantity-control-submit plus" aria-label="přidat počet do košíku">
            <input type="hidden" name="do" value="specialOfferControl-widget-5-widgetCarousel-73-buy-7920-quantityForm-submit"><!--[if IE]><input type=IEbug disabled style="display:none"><![endif]-->
</form>

        </div>
</div>
                        <p class="product-incart-info accessible">Produkt nemáte v košíku</p>
                </div>

                
            </div>
        </div>
    </div>
</div>


<div class="kosik-modal-overlay product-modal" id="specialOfferControl-widget-5-widgetCarousel-73-productModal" role="dialog">
    <div class="kosik-modal-inner large super-scaled" id="snippet-specialOfferControl-widget-5-widgetCarousel-73-productModalArea">
    </div>
</div>


<div class="kosik-modal-overlay" id="specialOfferControl-widget-5-widgetCarousel-73-productSetModal" role="dialog">
    <div class="kosik-modal-inner large super-scaled" id="snippet-specialOfferControl-widget-5-widgetCarousel-73-productSetModalArea">
    </div>
</div>
	</div>
</div>
<div class="kosik-modal-overlay product-modal" id="widget-productModal-specialOfferControl-widget-5" role="dialog">
	<div class="kosik-modal-inner large super-scaled" id="snippet-specialOfferControl-widget-5-productModalArea">
	</div>
</div>

<script async>
    $(document).ready(function () {
        var isOpen = $('body').hasClass('show');

        $('.region-recipes-makeYourself-carousel-inner .recipes-carousel').not('.slick-initialized').slick({
            dots: true,
            dotsClass: 'slick-dots slick-dots-hp',
            infinite: true,
            slidesToShow: 1,
            slidesToScroll:1,
            speed: 700,
            // autoplay: true,
            // autoplaySpeed: 5000
        });

        $('.region-banner-slider').not('.slick-initialized').slick({
            //dots: true,
            //dotsClass: 'slick-dots slick-dots-hp',
            infinite: true,
            slidesToShow: 1,
            autoplay: true,
            autoplaySpeed: 5000
        });

        $('.zone-microsite .basic-recomendation .recomendation-carousel-inner').not('.slick-initialized').slick({
            infinite: true,
            speed: 700,
            slidesToShow: isOpen ? 4 : 5,
            responsive: [
                {
                    breakpoint: 1025,
                    settings: {
                        slidesToShow: 4,
                        swipeToSlide: true
                    }
                },
                {
                    breakpoint: 769,
                    settings: {
                        slidesToShow: 3,
                        swipeToSlide: true
                    }
                },
                {
                    breakpoint: 560,
                    settings: {
                        slidesToShow: 2,
                        swipeToSlide: false,
                        slidesToScroll: 2
                    }
                },
                {
                    breakpoint: 360,
                    settings: {
                        slidesToShow: 1,
                        slidesToScroll:1
                    }
                }
            ]
        });

        $('.recipes-carousel').on('beforeChange', function(event, slick, currentSlide, nextSlide) {
            $('.zone-microsite .basic-recomendation .recomendation-carousel-inner[data-product-carousel="'+$(this).data('product-carousel')+'"]').slick('slickGoTo', nextSlide * 5);
        });

        fixing.onClose(function () {
            $('.zone-microsite .basic-recomendation .recomendation-carousel-inner').slick('slickSetOption', 'slidesToShow', 5, true);
            $('.recipes-carousel').slick('slickSetOption', 'slidesToShow', 1, true);

        });

        fixing.onOpen(function () {
            $('.zone-microsite .basic-recomendation .recomendation-carousel-inner').slick('slickSetOption', 'slidesToShow', 4, true);
            $('.recipes-carousel').slick('slickSetOption', 'slidesToShow', 1, true);
        });

    });

</script><div class="region region-recipes-makeYourself-carousel" id="widget-mekke-syry">
	<div class="region-inner region-recipes-makeYourself-carousel-inner">
		<div class="block block-title block-title-horizontal-line">
			<h2 style="color:#6f4a04"><span>Měkké sýry</span></h2>
		</div>
		<div class="block recipes-carousel" data-product-carousel="mekke-syry">
			<div class="recipe-item">
				<div class="recipe-item-content">
					<div class="text-wrapper">
						<h3>Měkké sýry</h3>
						<div class="recipe-item-text">
							<p>Měkk&eacute; s&yacute;ry maj&iacute; jemnou strukturu, kter&aacute; je ide&aacute;ln&iacute; pro rozt&iacute;r&aacute;n&iacute;. M&aacute;lokdy se použ&iacute;vaj&iacute; při vařen&iacute;, zato jsou ide&aacute;ln&iacute; k namaz&aacute;n&iacute; na pečivo či jako luxusn&iacute; delikatesa pro gurm&aacute;nsk&eacute; svačinky. Zraj&iacute; kr&aacute;tkou dobu, takže nemaj&iacute; čas se vysu&scaron;it a obsahuj&iacute; kolem 70 % vody. Mezi typick&eacute; měkk&eacute; s&yacute;ry patř&iacute; třeba camembert či brie.</p>
						</div>

						<a href="https://www.kosik.cz/hledat?q=M%C4%9Bkk%C3%A9_s%C3%BDry_microsite" class="button-simple button-red button-smaller">Celá nabídka</a>
					</div>
				</div>
				<div class="recipe-item-image" >
						<img src="https://cdn.kosik.cz/content/widget-offer/jpg/default/73.jpg" alt="Měkké sýry">
						<span class="helper"></span>
				</div>
			</div>
		</div>
	</div>
</div>
<div class="kosik-modal-overlay product-modal" id="widget-productModal-specialOfferControl-widget-6" role="dialog">
	<div class="kosik-modal-inner large super-scaled" id="snippet-specialOfferControl-widget-6-productModalArea">
	</div>
</div>

<script async>
    $(document).ready(function () {
        var isOpen = $('body').hasClass('show');

        $('.region-recipes-makeYourself-carousel-inner .recipes-carousel').not('.slick-initialized').slick({
            dots: true,
            dotsClass: 'slick-dots slick-dots-hp',
            infinite: true,
            slidesToShow: 1,
            slidesToScroll:1,
            speed: 700,
            // autoplay: true,
            // autoplaySpeed: 5000
        });

        $('.region-banner-slider').not('.slick-initialized').slick({
            //dots: true,
            //dotsClass: 'slick-dots slick-dots-hp',
            infinite: true,
            slidesToShow: 1,
            autoplay: true,
            autoplaySpeed: 5000
        });

        $('.zone-microsite .basic-recomendation .recomendation-carousel-inner').not('.slick-initialized').slick({
            infinite: true,
            speed: 700,
            slidesToShow: isOpen ? 4 : 5,
            responsive: [
                {
                    breakpoint: 1025,
                    settings: {
                        slidesToShow: 4,
                        swipeToSlide: true
                    }
                },
                {
                    breakpoint: 769,
                    settings: {
                        slidesToShow: 3,
                        swipeToSlide: true
                    }
                },
                {
                    breakpoint: 560,
                    settings: {
                        slidesToShow: 2,
                        swipeToSlide: false,
                        slidesToScroll: 2
                    }
                },
                {
                    breakpoint: 360,
                    settings: {
                        slidesToShow: 1,
                        slidesToScroll:1
                    }
                }
            ]
        });

        $('.recipes-carousel').on('beforeChange', function(event, slick, currentSlide, nextSlide) {
            $('.zone-microsite .basic-recomendation .recomendation-carousel-inner[data-product-carousel="'+$(this).data('product-carousel')+'"]').slick('slickGoTo', nextSlide * 5);
        });

        fixing.onClose(function () {
            $('.zone-microsite .basic-recomendation .recomendation-carousel-inner').slick('slickSetOption', 'slidesToShow', 5, true);
            $('.recipes-carousel').slick('slickSetOption', 'slidesToShow', 1, true);

        });

        fixing.onOpen(function () {
            $('.zone-microsite .basic-recomendation .recomendation-carousel-inner').slick('slickSetOption', 'slidesToShow', 4, true);
            $('.recipes-carousel').slick('slickSetOption', 'slidesToShow', 1, true);
        });

    });

</script><div class="region region-product-recomendation basic-recomendation bg-red" id="widget-mekke-syry">
	<div class="region-inner region-product-recomendation-inner" data-open="4" data-close="5">
<div class="block block-product-recomendation bg-red" data-ajax-append="product-item" style="background: #ffffff;" id="snippet-specialOfferControl-widget-7-widgetCarousel-75-productListArea">
    <div class="recomendation-carousel">
        <div class="recomendation-carousel-inner" data-product-carousel="mekke-syry">
            <div id="product-append-7907" class="product-item">
                <div class="product-item-flags">
                </div>
                <div class="product-item-image">
                        <a data-href="/specialni-nabidka/syrovy-special?specialOfferControl-widget-7-widgetCarousel-75-id=7907&amp;do=specialOfferControl-widget-7-widgetCarousel-75-modal" data-target="specialOfferControl-widget-7-widgetCarousel-75-productModal" aria-hidden="true"
                           onclick="kosikAjax.click(this, null, function() { $('#specialOfferControl-widget-7-widgetCarousel-75-productModal .product-detail-related > .product-items').slick('unslick'); $('#specialOfferControl-widget-7-widgetCarousel-75-productModal .product-widget .product-items').slick('unslick'); $('#specialOfferControl-widget-7-widgetCarousel-75-productModal > .kosik-modal-inner').html(''); })">
                            <img src="https://cdn.kosik.cz/content/product/jpg/list/empty.jpg" data-src="https://cdn.kosik.cz/content/product/jpg/list/13406.jpg" alt="Galbani Mozzarella měkký nezrající sýr v nálevu 125g" class="loading-images loading-image">
                        </a>




                </div>

                                <div class="product-item-info">
                    <h5><a href="javascript:void(0)" aria-label="Galbani Mozzarella měkký nezrající sýr v nálevu 125g" data-href="/specialni-nabidka/syrovy-special?specialOfferControl-widget-7-widgetCarousel-75-id=7907&amp;do=specialOfferControl-widget-7-widgetCarousel-75-modal" class="product-name modal-link"
                           data-target="specialOfferControl-widget-7-widgetCarousel-75-productModal" onclick="kosikAjax.click(this, initModalCarousel(this), function() { $('#specialOfferControl-widget-7-widgetCarousel-75-productModal .product-detail-related > .product-items').slick('unslick'); $('#specialOfferControl-widget-7-widgetCarousel-75-productModal .product-widget .product-items').slick('unslick'); $('#specialOfferControl-widget-7-widgetCarousel-75-productModal > .kosik-modal-inner').html(''); })">
                            Galbani Mozzarella měkký nezrající sýr v nálevu 125g
                        </a>
                    </h5>
                    <p class="product-item-price ">
                        <span class="price-before-discount">
                        </span>
<strong class="price">29,90 Kč</strong>
                    </p>
                    <p class="product-item-unit">
                            (<strong class="price">239,20 Kč</strong> / kg)
                    </p>
                                        <div class="product-list-rating">
                        <span><ul class="rating"><li class="rating-children rating-1 up" data-rating="1"><i class="fa fa-star"></i></li><li class="rating-children rating-2 up" data-rating="2"><i class="fa fa-star"></i></li><li class="rating-children rating-3 up" data-rating="3"><i class="fa fa-star"></i></li><li class="rating-children rating-4 up" data-rating="4"><i class="fa fa-star"></i></li><li class="rating-children rating-5 up" data-rating="5"><i class="fa fa-star"></i></li></ul></span>
                    </div>
<div id="snippet-specialOfferControl-widget-7-widgetCarousel-75-buy-7907-quantity">        <div class="product-quantity-control">
            <form action="/specialni-nabidka/syrovy-special" method="post" class="ajax" id="frm-specialOfferControl-widget-7-widgetCarousel-75-buy-7907-quantityForm">
                <input type="text" name="quantity" size="3" id="frm-specialOfferControl-widget-7-widgetCarousel-75-buy-7907-quantityForm-quantity" data-nette-rules='[{"op":":integer","msg":"Množství musí být číslo."}]' value="1" aria-label="počet k přidání">
                <input type="submit" name="_submit" value="Přidat" class="product-quantity-control-submit plus" aria-label="přidat počet do košíku">
            <input type="hidden" name="do" value="specialOfferControl-widget-7-widgetCarousel-75-buy-7907-quantityForm-submit"><!--[if IE]><input type=IEbug disabled style="display:none"><![endif]-->
</form>

        </div>
</div>
                        <p class="product-incart-info accessible">Produkt nemáte v košíku</p>
                </div>

                
            </div>
            <div id="product-append-11848" class="product-item">
                <div class="product-item-flags">
                </div>
                <div class="product-item-image">
                        <a data-href="/specialni-nabidka/syrovy-special?specialOfferControl-widget-7-widgetCarousel-75-id=11848&amp;do=specialOfferControl-widget-7-widgetCarousel-75-modal" data-target="specialOfferControl-widget-7-widgetCarousel-75-productModal" aria-hidden="true"
                           onclick="kosikAjax.click(this, null, function() { $('#specialOfferControl-widget-7-widgetCarousel-75-productModal .product-detail-related > .product-items').slick('unslick'); $('#specialOfferControl-widget-7-widgetCarousel-75-productModal .product-widget .product-items').slick('unslick'); $('#specialOfferControl-widget-7-widgetCarousel-75-productModal > .kosik-modal-inner').html(''); })">
                            <img src="https://cdn.kosik.cz/content/product/jpg/list/empty.jpg" data-src="https://cdn.kosik.cz/content/product/jpg/list/29248.jpg" alt="Madeta Blaťácké Zlato Měkký sýr zrající v chladu s vlašskými ořechy 120g" class="loading-images loading-image">
                        </a>




                </div>

                                <div class="product-item-info">
                    <h5><a href="javascript:void(0)" aria-label="Madeta Blaťácké Zlato Měkký sýr zrající v chladu s vlašskými ořechy 120g" data-href="/specialni-nabidka/syrovy-special?specialOfferControl-widget-7-widgetCarousel-75-id=11848&amp;do=specialOfferControl-widget-7-widgetCarousel-75-modal" class="product-name modal-link"
                           data-target="specialOfferControl-widget-7-widgetCarousel-75-productModal" onclick="kosikAjax.click(this, initModalCarousel(this), function() { $('#specialOfferControl-widget-7-widgetCarousel-75-productModal .product-detail-related > .product-items').slick('unslick'); $('#specialOfferControl-widget-7-widgetCarousel-75-productModal .product-widget .product-items').slick('unslick'); $('#specialOfferControl-widget-7-widgetCarousel-75-productModal > .kosik-modal-inner').html(''); })">
                            Madeta Blaťácké Zlato Měkký sýr zrající v chladu s vlašskými ořechy 120g
                        </a>
                    </h5>
                    <p class="product-item-price ">
                        <span class="price-before-discount">
                        </span>
<strong class="price">29,90 Kč</strong>
                    </p>
                    <p class="product-item-unit">
                            (<strong class="price">249,20 Kč</strong> / kg)
                    </p>
                                        <div class="product-list-rating">
                    </div>
<div id="snippet-specialOfferControl-widget-7-widgetCarousel-75-buy-11848-quantity">        <div class="product-quantity-control">
            <form action="/specialni-nabidka/syrovy-special" method="post" class="ajax" id="frm-specialOfferControl-widget-7-widgetCarousel-75-buy-11848-quantityForm">
                <input type="text" name="quantity" size="3" id="frm-specialOfferControl-widget-7-widgetCarousel-75-buy-11848-quantityForm-quantity" data-nette-rules='[{"op":":integer","msg":"Množství musí být číslo."}]' value="1" aria-label="počet k přidání">
                <input type="submit" name="_submit" value="Přidat" class="product-quantity-control-submit plus" aria-label="přidat počet do košíku">
            <input type="hidden" name="do" value="specialOfferControl-widget-7-widgetCarousel-75-buy-11848-quantityForm-submit"><!--[if IE]><input type=IEbug disabled style="display:none"><![endif]-->
</form>

        </div>
</div>
                        <p class="product-incart-info accessible">Produkt nemáte v košíku</p>
                </div>

                
            </div>
            <div id="product-append-27740" class="product-item">
                <div class="product-item-flags">
                </div>
                <div class="product-item-image">
                        <a data-href="/specialni-nabidka/syrovy-special?specialOfferControl-widget-7-widgetCarousel-75-id=27740&amp;do=specialOfferControl-widget-7-widgetCarousel-75-modal" data-target="specialOfferControl-widget-7-widgetCarousel-75-productModal" aria-hidden="true"
                           onclick="kosikAjax.click(this, null, function() { $('#specialOfferControl-widget-7-widgetCarousel-75-productModal .product-detail-related > .product-items').slick('unslick'); $('#specialOfferControl-widget-7-widgetCarousel-75-productModal .product-widget .product-items').slick('unslick'); $('#specialOfferControl-widget-7-widgetCarousel-75-productModal > .kosik-modal-inner').html(''); })">
                            <img src="https://cdn.kosik.cz/content/product/jpg/list/empty.jpg" data-src="https://cdn.kosik.cz/content/product/jpg/list/45033.jpg" alt="Blaník Camembert měkký zrající plnotučný sýr s bílou plísní na povrchu 45% t. v s. 125g" class="loading-images loading-image">
                        </a>




                </div>

                                <div class="product-item-info">
                    <h5><a href="javascript:void(0)" aria-label="Blaník Camembert měkký zrající plnotučný sýr s bílou plísní na povrchu 45% t. v s. 125g" data-href="/specialni-nabidka/syrovy-special?specialOfferControl-widget-7-widgetCarousel-75-id=27740&amp;do=specialOfferControl-widget-7-widgetCarousel-75-modal" class="product-name modal-link"
                           data-target="specialOfferControl-widget-7-widgetCarousel-75-productModal" onclick="kosikAjax.click(this, initModalCarousel(this), function() { $('#specialOfferControl-widget-7-widgetCarousel-75-productModal .product-detail-related > .product-items').slick('unslick'); $('#specialOfferControl-widget-7-widgetCarousel-75-productModal .product-widget .product-items').slick('unslick'); $('#specialOfferControl-widget-7-widgetCarousel-75-productModal > .kosik-modal-inner').html(''); })">
                            Blaník Camembert měkký zrající plnotučný sýr s bílou plísní na povrchu 45% t. v s. 125g
                        </a>
                    </h5>
                    <p class="product-item-price ">
                        <span class="price-before-discount">
                        </span>
<strong class="price">29,90 Kč</strong>
                    </p>
                    <p class="product-item-unit">
                            (<strong class="price">239,20 Kč</strong> / kg)
                    </p>
                                        <div class="product-list-rating">
                    </div>
<div id="snippet-specialOfferControl-widget-7-widgetCarousel-75-buy-27740-quantity">        <div class="product-quantity-control">
            <form action="/specialni-nabidka/syrovy-special" method="post" class="ajax" id="frm-specialOfferControl-widget-7-widgetCarousel-75-buy-27740-quantityForm">
                <input type="text" name="quantity" size="3" id="frm-specialOfferControl-widget-7-widgetCarousel-75-buy-27740-quantityForm-quantity" data-nette-rules='[{"op":":integer","msg":"Množství musí být číslo."}]' value="1" aria-label="počet k přidání">
                <input type="submit" name="_submit" value="Přidat" class="product-quantity-control-submit plus" aria-label="přidat počet do košíku">
            <input type="hidden" name="do" value="specialOfferControl-widget-7-widgetCarousel-75-buy-27740-quantityForm-submit"><!--[if IE]><input type=IEbug disabled style="display:none"><![endif]-->
</form>

        </div>
</div>
                        <p class="product-incart-info accessible">Produkt nemáte v košíku</p>
                </div>

                
            </div>
            <div id="product-append-21905" class="product-item">
                <div class="product-item-flags">
                </div>
                <div class="product-item-image">
                        <a data-href="/specialni-nabidka/syrovy-special?specialOfferControl-widget-7-widgetCarousel-75-id=21905&amp;do=specialOfferControl-widget-7-widgetCarousel-75-modal" data-target="specialOfferControl-widget-7-widgetCarousel-75-productModal" aria-hidden="true"
                           onclick="kosikAjax.click(this, null, function() { $('#specialOfferControl-widget-7-widgetCarousel-75-productModal .product-detail-related > .product-items').slick('unslick'); $('#specialOfferControl-widget-7-widgetCarousel-75-productModal .product-widget .product-items').slick('unslick'); $('#specialOfferControl-widget-7-widgetCarousel-75-productModal > .kosik-modal-inner').html(''); })">
                            <img src="https://cdn.kosik.cz/content/product/jpg/list/empty.jpg" data-src="https://cdn.kosik.cz/content/product/jpg/list/39158.jpg" alt="Président Camembert L´Aromatique 250g" class="loading-images loading-image">
                        </a>




                </div>

                                <div class="product-item-info">
                    <h5><a href="javascript:void(0)" aria-label="Président Camembert L´Aromatique 250g" data-href="/specialni-nabidka/syrovy-special?specialOfferControl-widget-7-widgetCarousel-75-id=21905&amp;do=specialOfferControl-widget-7-widgetCarousel-75-modal" class="product-name modal-link"
                           data-target="specialOfferControl-widget-7-widgetCarousel-75-productModal" onclick="kosikAjax.click(this, initModalCarousel(this), function() { $('#specialOfferControl-widget-7-widgetCarousel-75-productModal .product-detail-related > .product-items').slick('unslick'); $('#specialOfferControl-widget-7-widgetCarousel-75-productModal .product-widget .product-items').slick('unslick'); $('#specialOfferControl-widget-7-widgetCarousel-75-productModal > .kosik-modal-inner').html(''); })">
                            Président Camembert L´Aromatique 250g
                        </a>
                    </h5>
                    <p class="product-item-price ">
                        <span class="price-before-discount">
                        </span>
<strong class="price">89,90 Kč</strong>
                    </p>
                    <p class="product-item-unit">
                            (<strong class="price">359,60 Kč</strong> / kg)
                    </p>
                                        <div class="product-list-rating">
                    </div>
<div id="snippet-specialOfferControl-widget-7-widgetCarousel-75-buy-21905-quantity">        <div class="product-quantity-control">
            <form action="/specialni-nabidka/syrovy-special" method="post" class="ajax" id="frm-specialOfferControl-widget-7-widgetCarousel-75-buy-21905-quantityForm">
                <input type="text" name="quantity" size="3" id="frm-specialOfferControl-widget-7-widgetCarousel-75-buy-21905-quantityForm-quantity" data-nette-rules='[{"op":":integer","msg":"Množství musí být číslo."}]' value="1" aria-label="počet k přidání">
                <input type="submit" name="_submit" value="Přidat" class="product-quantity-control-submit plus" aria-label="přidat počet do košíku">
            <input type="hidden" name="do" value="specialOfferControl-widget-7-widgetCarousel-75-buy-21905-quantityForm-submit"><!--[if IE]><input type=IEbug disabled style="display:none"><![endif]-->
</form>

        </div>
</div>
                        <p class="product-incart-info accessible">Produkt nemáte v košíku</p>
                </div>

                
            </div>
            <div id="product-append-22801" class="product-item">
                <div class="product-item-flags">
                </div>
                <div class="product-item-image">
                        <a data-href="/specialni-nabidka/syrovy-special?specialOfferControl-widget-7-widgetCarousel-75-id=22801&amp;do=specialOfferControl-widget-7-widgetCarousel-75-modal" data-target="specialOfferControl-widget-7-widgetCarousel-75-productModal" aria-hidden="true"
                           onclick="kosikAjax.click(this, null, function() { $('#specialOfferControl-widget-7-widgetCarousel-75-productModal .product-detail-related > .product-items').slick('unslick'); $('#specialOfferControl-widget-7-widgetCarousel-75-productModal .product-widget .product-items').slick('unslick'); $('#specialOfferControl-widget-7-widgetCarousel-75-productModal > .kosik-modal-inner').html(''); })">
                            <img src="https://cdn.kosik.cz/content/product/jpg/list/empty.jpg" data-src="https://cdn.kosik.cz/content/product/jpg/list/40050.jpg" alt="Knirps Romadur bauer 40% 100g" class="loading-images loading-image">
                        </a>




                </div>

                                <div class="product-item-info">
                    <h5><a href="javascript:void(0)" aria-label="Knirps Romadur bauer 40% 100g" data-href="/specialni-nabidka/syrovy-special?specialOfferControl-widget-7-widgetCarousel-75-id=22801&amp;do=specialOfferControl-widget-7-widgetCarousel-75-modal" class="product-name modal-link"
                           data-target="specialOfferControl-widget-7-widgetCarousel-75-productModal" onclick="kosikAjax.click(this, initModalCarousel(this), function() { $('#specialOfferControl-widget-7-widgetCarousel-75-productModal .product-detail-related > .product-items').slick('unslick'); $('#specialOfferControl-widget-7-widgetCarousel-75-productModal .product-widget .product-items').slick('unslick'); $('#specialOfferControl-widget-7-widgetCarousel-75-productModal > .kosik-modal-inner').html(''); })">
                            Knirps Romadur bauer 40% 100g
                        </a>
                    </h5>
                    <p class="product-item-price ">
                        <span class="price-before-discount">
                        </span>
<strong class="price">27,90 Kč</strong>
                    </p>
                    <p class="product-item-unit">
                            (<strong class="price">279,00 Kč</strong> / kg)
                    </p>
                                        <div class="product-list-rating">
                    </div>
<div id="snippet-specialOfferControl-widget-7-widgetCarousel-75-buy-22801-quantity">        <div class="product-quantity-control">
            <form action="/specialni-nabidka/syrovy-special" method="post" class="ajax" id="frm-specialOfferControl-widget-7-widgetCarousel-75-buy-22801-quantityForm">
                <input type="text" name="quantity" size="3" id="frm-specialOfferControl-widget-7-widgetCarousel-75-buy-22801-quantityForm-quantity" data-nette-rules='[{"op":":integer","msg":"Množství musí být číslo."}]' value="1" aria-label="počet k přidání">
                <input type="submit" name="_submit" value="Přidat" class="product-quantity-control-submit plus" aria-label="přidat počet do košíku">
            <input type="hidden" name="do" value="specialOfferControl-widget-7-widgetCarousel-75-buy-22801-quantityForm-submit"><!--[if IE]><input type=IEbug disabled style="display:none"><![endif]-->
</form>

        </div>
</div>
                        <p class="product-incart-info accessible">Produkt nemáte v košíku</p>
                </div>

                
            </div>
            <div id="product-append-27617" class="product-item">
                <div class="product-item-flags">
                    <div class="flag-sale ">
                        <span class="percents">24<small>&#37;</small></span>
                    </div>
                </div>
                <div class="product-item-image">
                        <a data-href="/specialni-nabidka/syrovy-special?specialOfferControl-widget-7-widgetCarousel-75-id=27617&amp;do=specialOfferControl-widget-7-widgetCarousel-75-modal" data-target="specialOfferControl-widget-7-widgetCarousel-75-productModal" aria-hidden="true"
                           onclick="kosikAjax.click(this, null, function() { $('#specialOfferControl-widget-7-widgetCarousel-75-productModal .product-detail-related > .product-items').slick('unslick'); $('#specialOfferControl-widget-7-widgetCarousel-75-productModal .product-widget .product-items').slick('unslick'); $('#specialOfferControl-widget-7-widgetCarousel-75-productModal > .kosik-modal-inner').html(''); })">
                            <img src="https://cdn.kosik.cz/content/product/jpg/list/empty.jpg" data-src="https://cdn.kosik.cz/content/product/jpg/list/44903.jpg" alt="Olma Olmín Sýr zrající s plísní 125g" class="loading-images loading-image">
                        </a>




                </div>

                                <div class="product-item-info">
                    <h5><a href="javascript:void(0)" aria-label="Olma Olmín Sýr zrající s plísní 125g" data-href="/specialni-nabidka/syrovy-special?specialOfferControl-widget-7-widgetCarousel-75-id=27617&amp;do=specialOfferControl-widget-7-widgetCarousel-75-modal" class="product-name modal-link"
                           data-target="specialOfferControl-widget-7-widgetCarousel-75-productModal" onclick="kosikAjax.click(this, initModalCarousel(this), function() { $('#specialOfferControl-widget-7-widgetCarousel-75-productModal .product-detail-related > .product-items').slick('unslick'); $('#specialOfferControl-widget-7-widgetCarousel-75-productModal .product-widget .product-items').slick('unslick'); $('#specialOfferControl-widget-7-widgetCarousel-75-productModal > .kosik-modal-inner').html(''); })">
                            Olma Olmín Sýr zrající s plísní 125g
                        </a>
                    </h5>
                    <p class="product-item-price product-in-discount">
                        <span class="price-before-discount">
                            <span>
                                <strong class="price">32,90 Kč</strong>
                            </span>
                        </span>
<strong class="price">24,90 Kč</strong>
                    </p>
                    <p class="product-item-unit">
                            (<strong class="price">199,20 Kč</strong> / kg)
                    </p>
                                        <div class="product-list-rating">
                    </div>
<div id="snippet-specialOfferControl-widget-7-widgetCarousel-75-buy-27617-quantity">        <div class="product-quantity-control">
            <form action="/specialni-nabidka/syrovy-special" method="post" class="ajax" id="frm-specialOfferControl-widget-7-widgetCarousel-75-buy-27617-quantityForm">
                <input type="text" name="quantity" size="3" id="frm-specialOfferControl-widget-7-widgetCarousel-75-buy-27617-quantityForm-quantity" data-nette-rules='[{"op":":integer","msg":"Množství musí být číslo."}]' value="1" aria-label="počet k přidání">
                <input type="submit" name="_submit" value="Přidat" class="product-quantity-control-submit plus" aria-label="přidat počet do košíku">
            <input type="hidden" name="do" value="specialOfferControl-widget-7-widgetCarousel-75-buy-27617-quantityForm-submit"><!--[if IE]><input type=IEbug disabled style="display:none"><![endif]-->
</form>

        </div>
</div>
                        <p class="product-incart-info accessible">Produkt nemáte v košíku</p>
                </div>

                
            </div>
            <div id="product-append-5175" class="product-item">
                <div class="product-item-flags">
                </div>
                <div class="product-item-image">
                        <a data-href="/specialni-nabidka/syrovy-special?specialOfferControl-widget-7-widgetCarousel-75-id=5175&amp;do=specialOfferControl-widget-7-widgetCarousel-75-modal" data-target="specialOfferControl-widget-7-widgetCarousel-75-productModal" aria-hidden="true"
                           onclick="kosikAjax.click(this, null, function() { $('#specialOfferControl-widget-7-widgetCarousel-75-productModal .product-detail-related > .product-items').slick('unslick'); $('#specialOfferControl-widget-7-widgetCarousel-75-productModal .product-widget .product-items').slick('unslick'); $('#specialOfferControl-widget-7-widgetCarousel-75-productModal > .kosik-modal-inner').html(''); })">
                            <img src="https://cdn.kosik.cz/content/product/jpg/list/empty.jpg" data-src="https://cdn.kosik.cz/content/product/jpg/list/5801.jpg" alt="Président Brie s ořechy 125g" class="loading-images loading-image">
                        </a>




                </div>

                                <div class="product-item-info">
                    <h5><a href="javascript:void(0)" aria-label="Président Brie s ořechy 125g" data-href="/specialni-nabidka/syrovy-special?specialOfferControl-widget-7-widgetCarousel-75-id=5175&amp;do=specialOfferControl-widget-7-widgetCarousel-75-modal" class="product-name modal-link"
                           data-target="specialOfferControl-widget-7-widgetCarousel-75-productModal" onclick="kosikAjax.click(this, initModalCarousel(this), function() { $('#specialOfferControl-widget-7-widgetCarousel-75-productModal .product-detail-related > .product-items').slick('unslick'); $('#specialOfferControl-widget-7-widgetCarousel-75-productModal .product-widget .product-items').slick('unslick'); $('#specialOfferControl-widget-7-widgetCarousel-75-productModal > .kosik-modal-inner').html(''); })">
                            Président Brie s ořechy 125g
                        </a>
                    </h5>
                    <p class="product-item-price ">
                        <span class="price-before-discount">
                        </span>
<strong class="price">49,90 Kč</strong>
                    </p>
                    <p class="product-item-unit">
                            (<strong class="price">399,20 Kč</strong> / kg)
                    </p>
                                        <div class="product-list-rating">
                        <span><ul class="rating"><li class="rating-children rating-1 up" data-rating="1"><i class="fa fa-star"></i></li><li class="rating-children rating-2 up" data-rating="2"><i class="fa fa-star"></i></li><li class="rating-children rating-3 up" data-rating="3"><i class="fa fa-star"></i></li><li class="rating-children rating-4 up" data-rating="4"><i class="fa fa-star"></i></li><li class="rating-children rating-5 up" data-rating="5"><i class="fa fa-star"></i></li></ul></span>
                    </div>
<div id="snippet-specialOfferControl-widget-7-widgetCarousel-75-buy-5175-quantity">        <div class="product-quantity-control">
            <form action="/specialni-nabidka/syrovy-special" method="post" class="ajax" id="frm-specialOfferControl-widget-7-widgetCarousel-75-buy-5175-quantityForm">
                <input type="text" name="quantity" size="3" id="frm-specialOfferControl-widget-7-widgetCarousel-75-buy-5175-quantityForm-quantity" data-nette-rules='[{"op":":integer","msg":"Množství musí být číslo."}]' value="1" aria-label="počet k přidání">
                <input type="submit" name="_submit" value="Přidat" class="product-quantity-control-submit plus" aria-label="přidat počet do košíku">
            <input type="hidden" name="do" value="specialOfferControl-widget-7-widgetCarousel-75-buy-5175-quantityForm-submit"><!--[if IE]><input type=IEbug disabled style="display:none"><![endif]-->
</form>

        </div>
</div>
                        <p class="product-incart-info accessible">Produkt nemáte v košíku</p>
                </div>

                
            </div>
            <div id="product-append-21918" class="product-item">
                <div class="product-item-flags">
                </div>
                <div class="product-item-image">
                        <a data-href="/specialni-nabidka/syrovy-special?specialOfferControl-widget-7-widgetCarousel-75-id=21918&amp;do=specialOfferControl-widget-7-widgetCarousel-75-modal" data-target="specialOfferControl-widget-7-widgetCarousel-75-productModal" aria-hidden="true"
                           onclick="kosikAjax.click(this, null, function() { $('#specialOfferControl-widget-7-widgetCarousel-75-productModal .product-detail-related > .product-items').slick('unslick'); $('#specialOfferControl-widget-7-widgetCarousel-75-productModal .product-widget .product-items').slick('unslick'); $('#specialOfferControl-widget-7-widgetCarousel-75-productModal > .kosik-modal-inner').html(''); })">
                            <img src="https://cdn.kosik.cz/content/product/jpg/list/empty.jpg" data-src="https://cdn.kosik.cz/content/product/jpg/list/39171.jpg" alt="Galbani Gorgonzola 150g" class="loading-images loading-image">
                        </a>




                </div>

                                <div class="product-item-info">
                    <h5><a href="javascript:void(0)" aria-label="Galbani Gorgonzola 150g" data-href="/specialni-nabidka/syrovy-special?specialOfferControl-widget-7-widgetCarousel-75-id=21918&amp;do=specialOfferControl-widget-7-widgetCarousel-75-modal" class="product-name modal-link"
                           data-target="specialOfferControl-widget-7-widgetCarousel-75-productModal" onclick="kosikAjax.click(this, initModalCarousel(this), function() { $('#specialOfferControl-widget-7-widgetCarousel-75-productModal .product-detail-related > .product-items').slick('unslick'); $('#specialOfferControl-widget-7-widgetCarousel-75-productModal .product-widget .product-items').slick('unslick'); $('#specialOfferControl-widget-7-widgetCarousel-75-productModal > .kosik-modal-inner').html(''); })">
                            Galbani Gorgonzola 150g
                        </a>
                    </h5>
                    <p class="product-item-price ">
                        <span class="price-before-discount">
                        </span>
<strong class="price">59,90 Kč</strong>
                    </p>
                    <p class="product-item-unit">
                            (<strong class="price">399,30 Kč</strong> / kg)
                    </p>
                                        <div class="product-list-rating">
                        <span><ul class="rating"><li class="rating-children rating-1 up" data-rating="1"><i class="fa fa-star"></i></li><li class="rating-children rating-2 up" data-rating="2"><i class="fa fa-star"></i></li><li class="rating-children rating-3 up" data-rating="3"><i class="fa fa-star"></i></li><li class="rating-children rating-4 up" data-rating="4"><i class="fa fa-star"></i></li><li class="rating-children rating-5 down" data-rating="5"><i class="fa fa-star"></i></li></ul></span>
                    </div>
<div id="snippet-specialOfferControl-widget-7-widgetCarousel-75-buy-21918-quantity">        <div class="product-quantity-control">
            <form action="/specialni-nabidka/syrovy-special" method="post" class="ajax" id="frm-specialOfferControl-widget-7-widgetCarousel-75-buy-21918-quantityForm">
                <input type="text" name="quantity" size="3" id="frm-specialOfferControl-widget-7-widgetCarousel-75-buy-21918-quantityForm-quantity" data-nette-rules='[{"op":":integer","msg":"Množství musí být číslo."}]' value="1" aria-label="počet k přidání">
                <input type="submit" name="_submit" value="Přidat" class="product-quantity-control-submit plus" aria-label="přidat počet do košíku">
            <input type="hidden" name="do" value="specialOfferControl-widget-7-widgetCarousel-75-buy-21918-quantityForm-submit"><!--[if IE]><input type=IEbug disabled style="display:none"><![endif]-->
</form>

        </div>
</div>
                        <p class="product-incart-info accessible">Produkt nemáte v košíku</p>
                </div>

                
            </div>
        </div>
    </div>
</div>


<div class="kosik-modal-overlay product-modal" id="specialOfferControl-widget-7-widgetCarousel-75-productModal" role="dialog">
    <div class="kosik-modal-inner large super-scaled" id="snippet-specialOfferControl-widget-7-widgetCarousel-75-productModalArea">
    </div>
</div>


<div class="kosik-modal-overlay" id="specialOfferControl-widget-7-widgetCarousel-75-productSetModal" role="dialog">
    <div class="kosik-modal-inner large super-scaled" id="snippet-specialOfferControl-widget-7-widgetCarousel-75-productSetModalArea">
    </div>
</div>
	</div>
</div>
<div class="kosik-modal-overlay product-modal" id="widget-productModal-specialOfferControl-widget-7" role="dialog">
	<div class="kosik-modal-inner large super-scaled" id="snippet-specialOfferControl-widget-7-productModalArea">
	</div>
</div>

<script async>
    $(document).ready(function () {
        var isOpen = $('body').hasClass('show');

        $('.region-recipes-makeYourself-carousel-inner .recipes-carousel').not('.slick-initialized').slick({
            dots: true,
            dotsClass: 'slick-dots slick-dots-hp',
            infinite: true,
            slidesToShow: 1,
            slidesToScroll:1,
            speed: 700,
            // autoplay: true,
            // autoplaySpeed: 5000
        });

        $('.region-banner-slider').not('.slick-initialized').slick({
            //dots: true,
            //dotsClass: 'slick-dots slick-dots-hp',
            infinite: true,
            slidesToShow: 1,
            autoplay: true,
            autoplaySpeed: 5000
        });

        $('.zone-microsite .basic-recomendation .recomendation-carousel-inner').not('.slick-initialized').slick({
            infinite: true,
            speed: 700,
            slidesToShow: isOpen ? 4 : 5,
            responsive: [
                {
                    breakpoint: 1025,
                    settings: {
                        slidesToShow: 4,
                        swipeToSlide: true
                    }
                },
                {
                    breakpoint: 769,
                    settings: {
                        slidesToShow: 3,
                        swipeToSlide: true
                    }
                },
                {
                    breakpoint: 560,
                    settings: {
                        slidesToShow: 2,
                        swipeToSlide: false,
                        slidesToScroll: 2
                    }
                },
                {
                    breakpoint: 360,
                    settings: {
                        slidesToShow: 1,
                        slidesToScroll:1
                    }
                }
            ]
        });

        $('.recipes-carousel').on('beforeChange', function(event, slick, currentSlide, nextSlide) {
            $('.zone-microsite .basic-recomendation .recomendation-carousel-inner[data-product-carousel="'+$(this).data('product-carousel')+'"]').slick('slickGoTo', nextSlide * 5);
        });

        fixing.onClose(function () {
            $('.zone-microsite .basic-recomendation .recomendation-carousel-inner').slick('slickSetOption', 'slidesToShow', 5, true);
            $('.recipes-carousel').slick('slickSetOption', 'slidesToShow', 1, true);

        });

        fixing.onOpen(function () {
            $('.zone-microsite .basic-recomendation .recomendation-carousel-inner').slick('slickSetOption', 'slidesToShow', 4, true);
            $('.recipes-carousel').slick('slickSetOption', 'slidesToShow', 1, true);
        });

    });

</script><div class="region region-recipes-makeYourself-carousel" id="widget-farmarske-syry">
	<div class="region-inner region-recipes-makeYourself-carousel-inner">
		<div class="block block-title block-title-horizontal-line">
			<h2 style="color:#6f4a04"><span>Farmářské sýry</span></h2>
		</div>
		<div class="block recipes-carousel" data-product-carousel="farmarske-syry">
			<div class="recipe-item">
				<div class="recipe-item-content">
					<div class="text-wrapper">
						<h3>Farmářské sýry</h3>
						<div class="recipe-item-text">
							<p>Poctiv&aacute; pr&aacute;ce je kl&iacute;č k &uacute;spěchu. A kde jinde hledat poctivou pr&aacute;ci než na česk&yacute;ch farm&aacute;ch? Farm&aacute;řsk&eacute; s&yacute;ry se vyr&aacute;b&iacute; z ml&eacute;ka zv&iacute;řat, kter&aacute; se denně proh&aacute;n&iacute; na malebn&yacute;ch pastvin&aacute;ch a kter&yacute;m se dost&aacute;v&aacute; pohybu, zdrav&eacute;ho krmiva a vydatn&eacute; p&eacute;če od farm&aacute;řů. To se nakonec prom&iacute;tne i na jejich kvalitě a &scaron;pičkov&yacute;ch vlastnostech.</p>
						</div>

						<a href="https://www.kosik.cz/hledat?q=Farm%C3%A1%C5%99sk%C3%A9_s%C3%BDry_microsite" class="button-simple button-red button-smaller">Celá nabídka</a>
					</div>
				</div>
				<div class="recipe-item-image" >
						<img src="https://cdn.kosik.cz/content/widget-offer/jpg/default/74.jpg" alt="Farmářské sýry">
						<span class="helper"></span>
				</div>
			</div>
		</div>
	</div>
</div>
<div class="kosik-modal-overlay product-modal" id="widget-productModal-specialOfferControl-widget-8" role="dialog">
	<div class="kosik-modal-inner large super-scaled" id="snippet-specialOfferControl-widget-8-productModalArea">
	</div>
</div>

<script async>
    $(document).ready(function () {
        var isOpen = $('body').hasClass('show');

        $('.region-recipes-makeYourself-carousel-inner .recipes-carousel').not('.slick-initialized').slick({
            dots: true,
            dotsClass: 'slick-dots slick-dots-hp',
            infinite: true,
            slidesToShow: 1,
            slidesToScroll:1,
            speed: 700,
            // autoplay: true,
            // autoplaySpeed: 5000
        });

        $('.region-banner-slider').not('.slick-initialized').slick({
            //dots: true,
            //dotsClass: 'slick-dots slick-dots-hp',
            infinite: true,
            slidesToShow: 1,
            autoplay: true,
            autoplaySpeed: 5000
        });

        $('.zone-microsite .basic-recomendation .recomendation-carousel-inner').not('.slick-initialized').slick({
            infinite: true,
            speed: 700,
            slidesToShow: isOpen ? 4 : 5,
            responsive: [
                {
                    breakpoint: 1025,
                    settings: {
                        slidesToShow: 4,
                        swipeToSlide: true
                    }
                },
                {
                    breakpoint: 769,
                    settings: {
                        slidesToShow: 3,
                        swipeToSlide: true
                    }
                },
                {
                    breakpoint: 560,
                    settings: {
                        slidesToShow: 2,
                        swipeToSlide: false,
                        slidesToScroll: 2
                    }
                },
                {
                    breakpoint: 360,
                    settings: {
                        slidesToShow: 1,
                        slidesToScroll:1
                    }
                }
            ]
        });

        $('.recipes-carousel').on('beforeChange', function(event, slick, currentSlide, nextSlide) {
            $('.zone-microsite .basic-recomendation .recomendation-carousel-inner[data-product-carousel="'+$(this).data('product-carousel')+'"]').slick('slickGoTo', nextSlide * 5);
        });

        fixing.onClose(function () {
            $('.zone-microsite .basic-recomendation .recomendation-carousel-inner').slick('slickSetOption', 'slidesToShow', 5, true);
            $('.recipes-carousel').slick('slickSetOption', 'slidesToShow', 1, true);

        });

        fixing.onOpen(function () {
            $('.zone-microsite .basic-recomendation .recomendation-carousel-inner').slick('slickSetOption', 'slidesToShow', 4, true);
            $('.recipes-carousel').slick('slickSetOption', 'slidesToShow', 1, true);
        });

    });

</script><div class="region region-product-recomendation basic-recomendation bg-red" id="widget-farmarske-syry">
	<div class="region-inner region-product-recomendation-inner" data-open="4" data-close="5">
<div class="block block-product-recomendation bg-red" data-ajax-append="product-item" style="background: #ffffff;" id="snippet-specialOfferControl-widget-9-widgetCarousel-77-productListArea">
    <div class="recomendation-carousel">
        <div class="recomendation-carousel-inner" data-product-carousel="farmarske-syry">
            <div id="product-append-28056" class="product-item">
                <div class="product-item-flags">
                </div>
                <div class="product-item-image">
                        <a data-href="/specialni-nabidka/syrovy-special?specialOfferControl-widget-9-widgetCarousel-77-id=28056&amp;do=specialOfferControl-widget-9-widgetCarousel-77-modal" data-target="specialOfferControl-widget-9-widgetCarousel-77-productModal" aria-hidden="true"
                           onclick="kosikAjax.click(this, null, function() { $('#specialOfferControl-widget-9-widgetCarousel-77-productModal .product-detail-related > .product-items').slick('unslick'); $('#specialOfferControl-widget-9-widgetCarousel-77-productModal .product-widget .product-items').slick('unslick'); $('#specialOfferControl-widget-9-widgetCarousel-77-productModal > .kosik-modal-inner').html(''); })">
                            <img src="https://cdn.kosik.cz/content/product/jpg/list/empty.jpg" data-src="https://cdn.kosik.cz/content/product/jpg/list/45385.jpg" alt="Biofarma DoRa Čerstvý kozí sýr bílý 85g" class="loading-images loading-image">
                        </a>




                </div>

                                <div class="product-item-info">
                    <h5><a href="javascript:void(0)" aria-label="Biofarma DoRa Čerstvý kozí sýr bílý 85g" data-href="/specialni-nabidka/syrovy-special?specialOfferControl-widget-9-widgetCarousel-77-id=28056&amp;do=specialOfferControl-widget-9-widgetCarousel-77-modal" class="product-name modal-link"
                           data-target="specialOfferControl-widget-9-widgetCarousel-77-productModal" onclick="kosikAjax.click(this, initModalCarousel(this), function() { $('#specialOfferControl-widget-9-widgetCarousel-77-productModal .product-detail-related > .product-items').slick('unslick'); $('#specialOfferControl-widget-9-widgetCarousel-77-productModal .product-widget .product-items').slick('unslick'); $('#specialOfferControl-widget-9-widgetCarousel-77-productModal > .kosik-modal-inner').html(''); })">
                            Biofarma DoRa Čerstvý kozí sýr bílý 85g
                        </a>
                    </h5>
                    <p class="product-item-price ">
                        <span class="price-before-discount">
                        </span>
<strong class="price">44,90 Kč</strong>
                    </p>
                    <p class="product-item-unit">
                            (<strong class="price">528,20 Kč</strong> / kg)
                    </p>
                                        <div class="product-list-rating">
                    </div>
<div id="snippet-specialOfferControl-widget-9-widgetCarousel-77-buy-28056-quantity">        <div class="product-quantity-control">
            <form action="/specialni-nabidka/syrovy-special" method="post" class="ajax" id="frm-specialOfferControl-widget-9-widgetCarousel-77-buy-28056-quantityForm">
                <input type="text" name="quantity" size="3" id="frm-specialOfferControl-widget-9-widgetCarousel-77-buy-28056-quantityForm-quantity" data-nette-rules='[{"op":":integer","msg":"Množství musí být číslo."}]' value="1" aria-label="počet k přidání">
                <input type="submit" name="_submit" value="Přidat" class="product-quantity-control-submit plus" aria-label="přidat počet do košíku">
            <input type="hidden" name="do" value="specialOfferControl-widget-9-widgetCarousel-77-buy-28056-quantityForm-submit"><!--[if IE]><input type=IEbug disabled style="display:none"><![endif]-->
</form>

        </div>
</div>
                        <p class="product-incart-info accessible">Produkt nemáte v košíku</p>
                </div>

                
            </div>
            <div id="product-append-28057" class="product-item">
                <div class="product-item-flags">
                </div>
                <div class="product-item-image">
                        <a data-href="/specialni-nabidka/syrovy-special?specialOfferControl-widget-9-widgetCarousel-77-id=28057&amp;do=specialOfferControl-widget-9-widgetCarousel-77-modal" data-target="specialOfferControl-widget-9-widgetCarousel-77-productModal" aria-hidden="true"
                           onclick="kosikAjax.click(this, null, function() { $('#specialOfferControl-widget-9-widgetCarousel-77-productModal .product-detail-related > .product-items').slick('unslick'); $('#specialOfferControl-widget-9-widgetCarousel-77-productModal .product-widget .product-items').slick('unslick'); $('#specialOfferControl-widget-9-widgetCarousel-77-productModal > .kosik-modal-inner').html(''); })">
                            <img src="https://cdn.kosik.cz/content/product/jpg/list/empty.jpg" data-src="https://cdn.kosik.cz/content/product/jpg/list/45386.jpg" alt="Biofarma DoRa Kozí žervé 180g" class="loading-images loading-image">
                        </a>




                </div>

                                <div class="product-item-info">
                    <h5><a href="javascript:void(0)" aria-label="Biofarma DoRa Kozí žervé 180g" data-href="/specialni-nabidka/syrovy-special?specialOfferControl-widget-9-widgetCarousel-77-id=28057&amp;do=specialOfferControl-widget-9-widgetCarousel-77-modal" class="product-name modal-link"
                           data-target="specialOfferControl-widget-9-widgetCarousel-77-productModal" onclick="kosikAjax.click(this, initModalCarousel(this), function() { $('#specialOfferControl-widget-9-widgetCarousel-77-productModal .product-detail-related > .product-items').slick('unslick'); $('#specialOfferControl-widget-9-widgetCarousel-77-productModal .product-widget .product-items').slick('unslick'); $('#specialOfferControl-widget-9-widgetCarousel-77-productModal > .kosik-modal-inner').html(''); })">
                            Biofarma DoRa Kozí žervé 180g
                        </a>
                    </h5>
                    <p class="product-item-price ">
                        <span class="price-before-discount">
                        </span>
<strong class="price">49,90 Kč</strong>
                    </p>
                    <p class="product-item-unit">
                            (<strong class="price">277,20 Kč</strong> / kg)
                    </p>
                                        <div class="product-list-rating">
                    </div>
<div id="snippet-specialOfferControl-widget-9-widgetCarousel-77-buy-28057-quantity">        <div class="product-quantity-control">
            <form action="/specialni-nabidka/syrovy-special" method="post" class="ajax" id="frm-specialOfferControl-widget-9-widgetCarousel-77-buy-28057-quantityForm">
                <input type="text" name="quantity" size="3" id="frm-specialOfferControl-widget-9-widgetCarousel-77-buy-28057-quantityForm-quantity" data-nette-rules='[{"op":":integer","msg":"Množství musí být číslo."}]' value="1" aria-label="počet k přidání">
                <input type="submit" name="_submit" value="Přidat" class="product-quantity-control-submit plus" aria-label="přidat počet do košíku">
            <input type="hidden" name="do" value="specialOfferControl-widget-9-widgetCarousel-77-buy-28057-quantityForm-submit"><!--[if IE]><input type=IEbug disabled style="display:none"><![endif]-->
</form>

        </div>
</div>
                        <p class="product-incart-info accessible">Produkt nemáte v košíku</p>
                </div>

                
            </div>
            <div id="product-append-15475" class="product-item">
                <div class="product-item-flags">
                </div>
                <div class="product-item-image">
                        <a data-href="/specialni-nabidka/syrovy-special?specialOfferControl-widget-9-widgetCarousel-77-id=15475&amp;do=specialOfferControl-widget-9-widgetCarousel-77-modal" data-target="specialOfferControl-widget-9-widgetCarousel-77-productModal" aria-hidden="true"
                           onclick="kosikAjax.click(this, null, function() { $('#specialOfferControl-widget-9-widgetCarousel-77-productModal .product-detail-related > .product-items').slick('unslick'); $('#specialOfferControl-widget-9-widgetCarousel-77-productModal .product-widget .product-items').slick('unslick'); $('#specialOfferControl-widget-9-widgetCarousel-77-productModal > .kosik-modal-inner').html(''); })">
                            <img src="https://cdn.kosik.cz/content/product/jpg/list/empty.jpg" data-src="https://cdn.kosik.cz/content/product/jpg/list/32743.jpg" alt="Farma Pěnčín Bio ovčí sýr přírodní 100g" class="loading-images loading-image">
                        </a>




                </div>

                                <div class="product-item-info">
                    <h5><a href="javascript:void(0)" aria-label="Farma Pěnčín Bio ovčí sýr přírodní 100g" data-href="/specialni-nabidka/syrovy-special?specialOfferControl-widget-9-widgetCarousel-77-id=15475&amp;do=specialOfferControl-widget-9-widgetCarousel-77-modal" class="product-name modal-link"
                           data-target="specialOfferControl-widget-9-widgetCarousel-77-productModal" onclick="kosikAjax.click(this, initModalCarousel(this), function() { $('#specialOfferControl-widget-9-widgetCarousel-77-productModal .product-detail-related > .product-items').slick('unslick'); $('#specialOfferControl-widget-9-widgetCarousel-77-productModal .product-widget .product-items').slick('unslick'); $('#specialOfferControl-widget-9-widgetCarousel-77-productModal > .kosik-modal-inner').html(''); })">
                            Farma Pěnčín Bio ovčí sýr přírodní 100g
                        </a>
                    </h5>
                    <p class="product-item-price ">
                        <span class="price-before-discount">
                        </span>
<strong class="price">39,00 Kč</strong>
                    </p>
                    <p class="product-item-unit">
                            (<strong class="price">390,00 Kč</strong> / kg)
                    </p>
                                        <div class="product-list-rating">
                    </div>
<div id="snippet-specialOfferControl-widget-9-widgetCarousel-77-buy-15475-quantity">        <div class="product-quantity-control">
            <form action="/specialni-nabidka/syrovy-special" method="post" class="ajax" id="frm-specialOfferControl-widget-9-widgetCarousel-77-buy-15475-quantityForm">
                <input type="text" name="quantity" size="3" id="frm-specialOfferControl-widget-9-widgetCarousel-77-buy-15475-quantityForm-quantity" data-nette-rules='[{"op":":integer","msg":"Množství musí být číslo."}]' value="1" aria-label="počet k přidání">
                <input type="submit" name="_submit" value="Přidat" class="product-quantity-control-submit plus" aria-label="přidat počet do košíku">
            <input type="hidden" name="do" value="specialOfferControl-widget-9-widgetCarousel-77-buy-15475-quantityForm-submit"><!--[if IE]><input type=IEbug disabled style="display:none"><![endif]-->
</form>

        </div>
</div>
                        <p class="product-incart-info accessible">Produkt nemáte v košíku</p>
                </div>

                
            </div>
            <div id="product-append-15512" class="product-item">
                <div class="product-item-flags">
                </div>
                <div class="product-item-image">
                        <a data-href="/specialni-nabidka/syrovy-special?specialOfferControl-widget-9-widgetCarousel-77-id=15512&amp;do=specialOfferControl-widget-9-widgetCarousel-77-modal" data-target="specialOfferControl-widget-9-widgetCarousel-77-productModal" aria-hidden="true"
                           onclick="kosikAjax.click(this, null, function() { $('#specialOfferControl-widget-9-widgetCarousel-77-productModal .product-detail-related > .product-items').slick('unslick'); $('#specialOfferControl-widget-9-widgetCarousel-77-productModal .product-widget .product-items').slick('unslick'); $('#specialOfferControl-widget-9-widgetCarousel-77-productModal > .kosik-modal-inner').html(''); })">
                            <img src="https://cdn.kosik.cz/content/product/jpg/list/empty.jpg" data-src="https://cdn.kosik.cz/content/product/jpg/list/32780.jpg" alt="Farma Pěnčín Bio kozí sýr přírodní 100g" class="loading-images loading-image">
                        </a>




                </div>

                                <div class="product-item-info">
                    <h5><a href="javascript:void(0)" aria-label="Farma Pěnčín Bio kozí sýr přírodní 100g" data-href="/specialni-nabidka/syrovy-special?specialOfferControl-widget-9-widgetCarousel-77-id=15512&amp;do=specialOfferControl-widget-9-widgetCarousel-77-modal" class="product-name modal-link"
                           data-target="specialOfferControl-widget-9-widgetCarousel-77-productModal" onclick="kosikAjax.click(this, initModalCarousel(this), function() { $('#specialOfferControl-widget-9-widgetCarousel-77-productModal .product-detail-related > .product-items').slick('unslick'); $('#specialOfferControl-widget-9-widgetCarousel-77-productModal .product-widget .product-items').slick('unslick'); $('#specialOfferControl-widget-9-widgetCarousel-77-productModal > .kosik-modal-inner').html(''); })">
                            Farma Pěnčín Bio kozí sýr přírodní 100g
                        </a>
                    </h5>
                    <p class="product-item-price ">
                        <span class="price-before-discount">
                        </span>
<strong class="price">46,00 Kč</strong>
                    </p>
                    <p class="product-item-unit">
                            (<strong class="price">460,00 Kč</strong> / kg)
                    </p>
                                        <div class="product-list-rating">
                    </div>
<div id="snippet-specialOfferControl-widget-9-widgetCarousel-77-buy-15512-quantity">        <div class="product-quantity-control">
            <form action="/specialni-nabidka/syrovy-special" method="post" class="ajax" id="frm-specialOfferControl-widget-9-widgetCarousel-77-buy-15512-quantityForm">
                <input type="text" name="quantity" size="3" id="frm-specialOfferControl-widget-9-widgetCarousel-77-buy-15512-quantityForm-quantity" data-nette-rules='[{"op":":integer","msg":"Množství musí být číslo."}]' value="1" aria-label="počet k přidání">
                <input type="submit" name="_submit" value="Přidat" class="product-quantity-control-submit plus" aria-label="přidat počet do košíku">
            <input type="hidden" name="do" value="specialOfferControl-widget-9-widgetCarousel-77-buy-15512-quantityForm-submit"><!--[if IE]><input type=IEbug disabled style="display:none"><![endif]-->
</form>

        </div>
</div>
                        <p class="product-incart-info accessible">Produkt nemáte v košíku</p>
                </div>

                
            </div>
            <div id="product-append-16236" class="product-item">
                <div class="product-item-flags">
                </div>
                <div class="product-item-image">
                        <a data-href="/specialni-nabidka/syrovy-special?specialOfferControl-widget-9-widgetCarousel-77-id=16236&amp;do=specialOfferControl-widget-9-widgetCarousel-77-modal" data-target="specialOfferControl-widget-9-widgetCarousel-77-productModal" aria-hidden="true"
                           onclick="kosikAjax.click(this, null, function() { $('#specialOfferControl-widget-9-widgetCarousel-77-productModal .product-detail-related > .product-items').slick('unslick'); $('#specialOfferControl-widget-9-widgetCarousel-77-productModal .product-widget .product-items').slick('unslick'); $('#specialOfferControl-widget-9-widgetCarousel-77-productModal > .kosik-modal-inner').html(''); })">
                            <img src="https://cdn.kosik.cz/content/product/jpg/list/empty.jpg" data-src="https://cdn.kosik.cz/content/product/jpg/list/33504.jpg" alt="Farma Penčín Bio kozí sýr s pažitkou 100g" class="loading-images loading-image">
                        </a>




                </div>

                                <div class="product-item-info">
                    <h5><a href="javascript:void(0)" aria-label="Farma Penčín Bio kozí sýr s pažitkou 100g" data-href="/specialni-nabidka/syrovy-special?specialOfferControl-widget-9-widgetCarousel-77-id=16236&amp;do=specialOfferControl-widget-9-widgetCarousel-77-modal" class="product-name modal-link"
                           data-target="specialOfferControl-widget-9-widgetCarousel-77-productModal" onclick="kosikAjax.click(this, initModalCarousel(this), function() { $('#specialOfferControl-widget-9-widgetCarousel-77-productModal .product-detail-related > .product-items').slick('unslick'); $('#specialOfferControl-widget-9-widgetCarousel-77-productModal .product-widget .product-items').slick('unslick'); $('#specialOfferControl-widget-9-widgetCarousel-77-productModal > .kosik-modal-inner').html(''); })">
                            Farma Penčín Bio kozí sýr s pažitkou 100g
                        </a>
                    </h5>
                    <p class="product-item-price ">
                        <span class="price-before-discount">
                        </span>
<strong class="price">47,00 Kč</strong>
                    </p>
                    <p class="product-item-unit">
                            (<strong class="price">470,00 Kč</strong> / kg)
                    </p>
                                        <div class="product-list-rating">
                    </div>
<div id="snippet-specialOfferControl-widget-9-widgetCarousel-77-buy-16236-quantity">        <div class="product-quantity-control">
            <form action="/specialni-nabidka/syrovy-special" method="post" class="ajax" id="frm-specialOfferControl-widget-9-widgetCarousel-77-buy-16236-quantityForm">
                <input type="text" name="quantity" size="3" id="frm-specialOfferControl-widget-9-widgetCarousel-77-buy-16236-quantityForm-quantity" data-nette-rules='[{"op":":integer","msg":"Množství musí být číslo."}]' value="1" aria-label="počet k přidání">
                <input type="submit" name="_submit" value="Přidat" class="product-quantity-control-submit plus" aria-label="přidat počet do košíku">
            <input type="hidden" name="do" value="specialOfferControl-widget-9-widgetCarousel-77-buy-16236-quantityForm-submit"><!--[if IE]><input type=IEbug disabled style="display:none"><![endif]-->
</form>

        </div>
</div>
                        <p class="product-incart-info accessible">Produkt nemáte v košíku</p>
                </div>

                
            </div>
            <div id="product-append-15667" class="product-item">
                <div class="product-item-flags">
                </div>
                <div class="product-item-image">
                        <a data-href="/specialni-nabidka/syrovy-special?specialOfferControl-widget-9-widgetCarousel-77-id=15667&amp;do=specialOfferControl-widget-9-widgetCarousel-77-modal" data-target="specialOfferControl-widget-9-widgetCarousel-77-productModal" aria-hidden="true"
                           onclick="kosikAjax.click(this, null, function() { $('#specialOfferControl-widget-9-widgetCarousel-77-productModal .product-detail-related > .product-items').slick('unslick'); $('#specialOfferControl-widget-9-widgetCarousel-77-productModal .product-widget .product-items').slick('unslick'); $('#specialOfferControl-widget-9-widgetCarousel-77-productModal > .kosik-modal-inner').html(''); })">
                            <img src="https://cdn.kosik.cz/content/product/jpg/list/empty.jpg" data-src="https://cdn.kosik.cz/content/product/jpg/list/32935.jpg" alt="Farma Pěnčín Bio kozí sýr archivní 100g" class="loading-images loading-image">
                        </a>




                </div>

                                <div class="product-item-info">
                    <h5><a href="javascript:void(0)" aria-label="Farma Pěnčín Bio kozí sýr archivní 100g" data-href="/specialni-nabidka/syrovy-special?specialOfferControl-widget-9-widgetCarousel-77-id=15667&amp;do=specialOfferControl-widget-9-widgetCarousel-77-modal" class="product-name modal-link"
                           data-target="specialOfferControl-widget-9-widgetCarousel-77-productModal" onclick="kosikAjax.click(this, initModalCarousel(this), function() { $('#specialOfferControl-widget-9-widgetCarousel-77-productModal .product-detail-related > .product-items').slick('unslick'); $('#specialOfferControl-widget-9-widgetCarousel-77-productModal .product-widget .product-items').slick('unslick'); $('#specialOfferControl-widget-9-widgetCarousel-77-productModal > .kosik-modal-inner').html(''); })">
                            Farma Pěnčín Bio kozí sýr archivní 100g
                        </a>
                    </h5>
                    <p class="product-item-price ">
                        <span class="price-before-discount">
                        </span>
<strong class="price">58,00 Kč</strong>
                    </p>
                    <p class="product-item-unit">
                            (<strong class="price">580,00 Kč</strong> / kg)
                    </p>
                                        <div class="product-list-rating">
                    </div>
<div id="snippet-specialOfferControl-widget-9-widgetCarousel-77-buy-15667-quantity">        <div class="product-quantity-control">
            <form action="/specialni-nabidka/syrovy-special" method="post" class="ajax" id="frm-specialOfferControl-widget-9-widgetCarousel-77-buy-15667-quantityForm">
                <input type="text" name="quantity" size="3" id="frm-specialOfferControl-widget-9-widgetCarousel-77-buy-15667-quantityForm-quantity" data-nette-rules='[{"op":":integer","msg":"Množství musí být číslo."}]' value="1" aria-label="počet k přidání">
                <input type="submit" name="_submit" value="Přidat" class="product-quantity-control-submit plus" aria-label="přidat počet do košíku">
            <input type="hidden" name="do" value="specialOfferControl-widget-9-widgetCarousel-77-buy-15667-quantityForm-submit"><!--[if IE]><input type=IEbug disabled style="display:none"><![endif]-->
</form>

        </div>
</div>
                        <p class="product-incart-info accessible">Produkt nemáte v košíku</p>
                </div>

                
            </div>
            <div id="product-append-16073" class="product-item">
                <div class="product-item-flags">
                </div>
                <div class="product-item-image">
                        <a data-href="/specialni-nabidka/syrovy-special?specialOfferControl-widget-9-widgetCarousel-77-id=16073&amp;do=specialOfferControl-widget-9-widgetCarousel-77-modal" data-target="specialOfferControl-widget-9-widgetCarousel-77-productModal" aria-hidden="true"
                           onclick="kosikAjax.click(this, null, function() { $('#specialOfferControl-widget-9-widgetCarousel-77-productModal .product-detail-related > .product-items').slick('unslick'); $('#specialOfferControl-widget-9-widgetCarousel-77-productModal .product-widget .product-items').slick('unslick'); $('#specialOfferControl-widget-9-widgetCarousel-77-productModal > .kosik-modal-inner').html(''); })">
                            <img src="https://cdn.kosik.cz/content/product/jpg/list/empty.jpg" data-src="https://cdn.kosik.cz/content/product/jpg/list/33341.jpg" alt="Farma Pěnčín Bio Ovčí sýr archivní 100g" class="loading-images loading-image">
                        </a>




                </div>

                                <div class="product-item-info">
                    <h5><a href="javascript:void(0)" aria-label="Farma Pěnčín Bio Ovčí sýr archivní 100g" data-href="/specialni-nabidka/syrovy-special?specialOfferControl-widget-9-widgetCarousel-77-id=16073&amp;do=specialOfferControl-widget-9-widgetCarousel-77-modal" class="product-name modal-link"
                           data-target="specialOfferControl-widget-9-widgetCarousel-77-productModal" onclick="kosikAjax.click(this, initModalCarousel(this), function() { $('#specialOfferControl-widget-9-widgetCarousel-77-productModal .product-detail-related > .product-items').slick('unslick'); $('#specialOfferControl-widget-9-widgetCarousel-77-productModal .product-widget .product-items').slick('unslick'); $('#specialOfferControl-widget-9-widgetCarousel-77-productModal > .kosik-modal-inner').html(''); })">
                            Farma Pěnčín Bio Ovčí sýr archivní 100g
                        </a>
                    </h5>
                    <p class="product-item-price ">
                        <span class="price-before-discount">
                        </span>
<strong class="price">47,00 Kč</strong>
                    </p>
                    <p class="product-item-unit">
                            (<strong class="price">470,00 Kč</strong> / kg)
                    </p>
                                        <div class="product-list-rating">
                    </div>
<div id="snippet-specialOfferControl-widget-9-widgetCarousel-77-buy-16073-quantity">        <div class="product-quantity-control">
            <form action="/specialni-nabidka/syrovy-special" method="post" class="ajax" id="frm-specialOfferControl-widget-9-widgetCarousel-77-buy-16073-quantityForm">
                <input type="text" name="quantity" size="3" id="frm-specialOfferControl-widget-9-widgetCarousel-77-buy-16073-quantityForm-quantity" data-nette-rules='[{"op":":integer","msg":"Množství musí být číslo."}]' value="1" aria-label="počet k přidání">
                <input type="submit" name="_submit" value="Přidat" class="product-quantity-control-submit plus" aria-label="přidat počet do košíku">
            <input type="hidden" name="do" value="specialOfferControl-widget-9-widgetCarousel-77-buy-16073-quantityForm-submit"><!--[if IE]><input type=IEbug disabled style="display:none"><![endif]-->
</form>

        </div>
</div>
                        <p class="product-incart-info accessible">Produkt nemáte v košíku</p>
                </div>

                
            </div>
            <div id="product-append-16192" class="product-item">
                <div class="product-item-flags">
                </div>
                <div class="product-item-image">
                        <a data-href="/specialni-nabidka/syrovy-special?specialOfferControl-widget-9-widgetCarousel-77-id=16192&amp;do=specialOfferControl-widget-9-widgetCarousel-77-modal" data-target="specialOfferControl-widget-9-widgetCarousel-77-productModal" aria-hidden="true"
                           onclick="kosikAjax.click(this, null, function() { $('#specialOfferControl-widget-9-widgetCarousel-77-productModal .product-detail-related > .product-items').slick('unslick'); $('#specialOfferControl-widget-9-widgetCarousel-77-productModal .product-widget .product-items').slick('unslick'); $('#specialOfferControl-widget-9-widgetCarousel-77-productModal > .kosik-modal-inner').html(''); })">
                            <img src="https://cdn.kosik.cz/content/product/jpg/list/empty.jpg" data-src="https://cdn.kosik.cz/content/product/jpg/list/33460.jpg" alt="Farma Pěnčín Bio kozí sýr uzený 100g" class="loading-images loading-image">
                        </a>




                </div>

                                <div class="product-item-info">
                    <h5><a href="javascript:void(0)" aria-label="Farma Pěnčín Bio kozí sýr uzený 100g" data-href="/specialni-nabidka/syrovy-special?specialOfferControl-widget-9-widgetCarousel-77-id=16192&amp;do=specialOfferControl-widget-9-widgetCarousel-77-modal" class="product-name modal-link"
                           data-target="specialOfferControl-widget-9-widgetCarousel-77-productModal" onclick="kosikAjax.click(this, initModalCarousel(this), function() { $('#specialOfferControl-widget-9-widgetCarousel-77-productModal .product-detail-related > .product-items').slick('unslick'); $('#specialOfferControl-widget-9-widgetCarousel-77-productModal .product-widget .product-items').slick('unslick'); $('#specialOfferControl-widget-9-widgetCarousel-77-productModal > .kosik-modal-inner').html(''); })">
                            Farma Pěnčín Bio kozí sýr uzený 100g
                        </a>
                    </h5>
                    <p class="product-item-price ">
                        <span class="price-before-discount">
                        </span>
<strong class="price">50,00 Kč</strong>
                    </p>
                    <p class="product-item-unit">
                            (<strong class="price">500,00 Kč</strong> / kg)
                    </p>
                                        <div class="product-list-rating">
                    </div>
<div id="snippet-specialOfferControl-widget-9-widgetCarousel-77-buy-16192-quantity">        <div class="product-quantity-control">
            <form action="/specialni-nabidka/syrovy-special" method="post" class="ajax" id="frm-specialOfferControl-widget-9-widgetCarousel-77-buy-16192-quantityForm">
                <input type="text" name="quantity" size="3" id="frm-specialOfferControl-widget-9-widgetCarousel-77-buy-16192-quantityForm-quantity" data-nette-rules='[{"op":":integer","msg":"Množství musí být číslo."}]' value="1" aria-label="počet k přidání">
                <input type="submit" name="_submit" value="Přidat" class="product-quantity-control-submit plus" aria-label="přidat počet do košíku">
            <input type="hidden" name="do" value="specialOfferControl-widget-9-widgetCarousel-77-buy-16192-quantityForm-submit"><!--[if IE]><input type=IEbug disabled style="display:none"><![endif]-->
</form>

        </div>
</div>
                        <p class="product-incart-info accessible">Produkt nemáte v košíku</p>
                </div>

                
            </div>
            <div id="product-append-16105" class="product-item">
                <div class="product-item-flags">
                </div>
                <div class="product-item-image">
                        <a data-href="/specialni-nabidka/syrovy-special?specialOfferControl-widget-9-widgetCarousel-77-id=16105&amp;do=specialOfferControl-widget-9-widgetCarousel-77-modal" data-target="specialOfferControl-widget-9-widgetCarousel-77-productModal" aria-hidden="true"
                           onclick="kosikAjax.click(this, null, function() { $('#specialOfferControl-widget-9-widgetCarousel-77-productModal .product-detail-related > .product-items').slick('unslick'); $('#specialOfferControl-widget-9-widgetCarousel-77-productModal .product-widget .product-items').slick('unslick'); $('#specialOfferControl-widget-9-widgetCarousel-77-productModal > .kosik-modal-inner').html(''); })">
                            <img src="https://cdn.kosik.cz/content/product/jpg/list/empty.jpg" data-src="https://cdn.kosik.cz/content/product/jpg/list/33373.jpg" alt="Farma Pěnčín Bio kozí sýr zrající bochan 100g" class="loading-images loading-image">
                        </a>




                </div>

                                <div class="product-item-info">
                    <h5><a href="javascript:void(0)" aria-label="Farma Pěnčín Bio kozí sýr zrající bochan 100g" data-href="/specialni-nabidka/syrovy-special?specialOfferControl-widget-9-widgetCarousel-77-id=16105&amp;do=specialOfferControl-widget-9-widgetCarousel-77-modal" class="product-name modal-link"
                           data-target="specialOfferControl-widget-9-widgetCarousel-77-productModal" onclick="kosikAjax.click(this, initModalCarousel(this), function() { $('#specialOfferControl-widget-9-widgetCarousel-77-productModal .product-detail-related > .product-items').slick('unslick'); $('#specialOfferControl-widget-9-widgetCarousel-77-productModal .product-widget .product-items').slick('unslick'); $('#specialOfferControl-widget-9-widgetCarousel-77-productModal > .kosik-modal-inner').html(''); })">
                            Farma Pěnčín Bio kozí sýr zrající bochan 100g
                        </a>
                    </h5>
                    <p class="product-item-price ">
                        <span class="price-before-discount">
                        </span>
<strong class="price">48,00 Kč</strong>
                    </p>
                    <p class="product-item-unit">
                            (<strong class="price">480,00 Kč</strong> / kg)
                    </p>
                                        <div class="product-list-rating">
                    </div>
<div id="snippet-specialOfferControl-widget-9-widgetCarousel-77-buy-16105-quantity">        <div class="product-quantity-control">
            <form action="/specialni-nabidka/syrovy-special" method="post" class="ajax" id="frm-specialOfferControl-widget-9-widgetCarousel-77-buy-16105-quantityForm">
                <input type="text" name="quantity" size="3" id="frm-specialOfferControl-widget-9-widgetCarousel-77-buy-16105-quantityForm-quantity" data-nette-rules='[{"op":":integer","msg":"Množství musí být číslo."}]' value="1" aria-label="počet k přidání">
                <input type="submit" name="_submit" value="Přidat" class="product-quantity-control-submit plus" aria-label="přidat počet do košíku">
            <input type="hidden" name="do" value="specialOfferControl-widget-9-widgetCarousel-77-buy-16105-quantityForm-submit"><!--[if IE]><input type=IEbug disabled style="display:none"><![endif]-->
</form>

        </div>
</div>
                        <p class="product-incart-info accessible">Produkt nemáte v košíku</p>
                </div>

                
            </div>
            <div id="product-append-15769" class="product-item">
                <div class="product-item-flags">
                </div>
                <div class="product-item-image">
                        <a data-href="/specialni-nabidka/syrovy-special?specialOfferControl-widget-9-widgetCarousel-77-id=15769&amp;do=specialOfferControl-widget-9-widgetCarousel-77-modal" data-target="specialOfferControl-widget-9-widgetCarousel-77-productModal" aria-hidden="true"
                           onclick="kosikAjax.click(this, null, function() { $('#specialOfferControl-widget-9-widgetCarousel-77-productModal .product-detail-related > .product-items').slick('unslick'); $('#specialOfferControl-widget-9-widgetCarousel-77-productModal .product-widget .product-items').slick('unslick'); $('#specialOfferControl-widget-9-widgetCarousel-77-productModal > .kosik-modal-inner').html(''); })">
                            <img src="https://cdn.kosik.cz/content/product/jpg/list/empty.jpg" data-src="https://cdn.kosik.cz/content/product/jpg/list/33037.jpg" alt="Farma Pěnčín Bio ovčí sýr s bazalkou 100g" class="loading-images loading-image">
                        </a>




                </div>

                                <div class="product-item-info">
                    <h5><a href="javascript:void(0)" aria-label="Farma Pěnčín Bio ovčí sýr s bazalkou 100g" data-href="/specialni-nabidka/syrovy-special?specialOfferControl-widget-9-widgetCarousel-77-id=15769&amp;do=specialOfferControl-widget-9-widgetCarousel-77-modal" class="product-name modal-link"
                           data-target="specialOfferControl-widget-9-widgetCarousel-77-productModal" onclick="kosikAjax.click(this, initModalCarousel(this), function() { $('#specialOfferControl-widget-9-widgetCarousel-77-productModal .product-detail-related > .product-items').slick('unslick'); $('#specialOfferControl-widget-9-widgetCarousel-77-productModal .product-widget .product-items').slick('unslick'); $('#specialOfferControl-widget-9-widgetCarousel-77-productModal > .kosik-modal-inner').html(''); })">
                            Farma Pěnčín Bio ovčí sýr s bazalkou 100g
                        </a>
                    </h5>
                    <p class="product-item-price ">
                        <span class="price-before-discount">
                        </span>
<strong class="price">40,00 Kč</strong>
                    </p>
                    <p class="product-item-unit">
                            (<strong class="price">400,00 Kč</strong> / kg)
                    </p>
                                        <div class="product-list-rating">
                    </div>
<div id="snippet-specialOfferControl-widget-9-widgetCarousel-77-buy-15769-quantity">        <div class="product-quantity-control">
            <form action="/specialni-nabidka/syrovy-special" method="post" class="ajax" id="frm-specialOfferControl-widget-9-widgetCarousel-77-buy-15769-quantityForm">
                <input type="text" name="quantity" size="3" id="frm-specialOfferControl-widget-9-widgetCarousel-77-buy-15769-quantityForm-quantity" data-nette-rules='[{"op":":integer","msg":"Množství musí být číslo."}]' value="1" aria-label="počet k přidání">
                <input type="submit" name="_submit" value="Přidat" class="product-quantity-control-submit plus" aria-label="přidat počet do košíku">
            <input type="hidden" name="do" value="specialOfferControl-widget-9-widgetCarousel-77-buy-15769-quantityForm-submit"><!--[if IE]><input type=IEbug disabled style="display:none"><![endif]-->
</form>

        </div>
</div>
                        <p class="product-incart-info accessible">Produkt nemáte v košíku</p>
                </div>

                
            </div>
            <div id="product-append-29156" class="product-item">
                <div class="product-item-flags">
                </div>
                <div class="product-item-image">
                        <a data-href="/specialni-nabidka/syrovy-special?specialOfferControl-widget-9-widgetCarousel-77-id=29156&amp;do=specialOfferControl-widget-9-widgetCarousel-77-modal" data-target="specialOfferControl-widget-9-widgetCarousel-77-productModal" aria-hidden="true"
                           onclick="kosikAjax.click(this, null, function() { $('#specialOfferControl-widget-9-widgetCarousel-77-productModal .product-detail-related > .product-items').slick('unslick'); $('#specialOfferControl-widget-9-widgetCarousel-77-productModal .product-widget .product-items').slick('unslick'); $('#specialOfferControl-widget-9-widgetCarousel-77-productModal > .kosik-modal-inner').html(''); })">
                            <img src="https://cdn.kosik.cz/content/product/jpg/list/empty.jpg" data-src="https://cdn.kosik.cz/content/product/jpg/list/46531.jpg" alt="Náš Grunt Bio selský čerstvý sýr směs bylinek 100g" class="loading-images loading-image">
                        </a>




                </div>

                                <div class="product-item-info">
                    <h5><a href="javascript:void(0)" aria-label="Náš Grunt Bio selský čerstvý sýr směs bylinek 100g" data-href="/specialni-nabidka/syrovy-special?specialOfferControl-widget-9-widgetCarousel-77-id=29156&amp;do=specialOfferControl-widget-9-widgetCarousel-77-modal" class="product-name modal-link"
                           data-target="specialOfferControl-widget-9-widgetCarousel-77-productModal" onclick="kosikAjax.click(this, initModalCarousel(this), function() { $('#specialOfferControl-widget-9-widgetCarousel-77-productModal .product-detail-related > .product-items').slick('unslick'); $('#specialOfferControl-widget-9-widgetCarousel-77-productModal .product-widget .product-items').slick('unslick'); $('#specialOfferControl-widget-9-widgetCarousel-77-productModal > .kosik-modal-inner').html(''); })">
                            Náš Grunt Bio selský čerstvý sýr směs bylinek 100g
                        </a>
                    </h5>
                    <p class="product-item-price ">
                        <span class="price-before-discount">
                        </span>
<strong class="price">36,90 Kč</strong>
                    </p>
                    <p class="product-item-unit">
                            (<strong class="price">369,00 Kč</strong> / kg)
                    </p>
                                        <div class="product-list-rating">
                    </div>
<div id="snippet-specialOfferControl-widget-9-widgetCarousel-77-buy-29156-quantity">        <div class="product-quantity-control">
            <form action="/specialni-nabidka/syrovy-special" method="post" class="ajax" id="frm-specialOfferControl-widget-9-widgetCarousel-77-buy-29156-quantityForm">
                <input type="text" name="quantity" size="3" id="frm-specialOfferControl-widget-9-widgetCarousel-77-buy-29156-quantityForm-quantity" data-nette-rules='[{"op":":integer","msg":"Množství musí být číslo."}]' value="1" aria-label="počet k přidání">
                <input type="submit" name="_submit" value="Přidat" class="product-quantity-control-submit plus" aria-label="přidat počet do košíku">
            <input type="hidden" name="do" value="specialOfferControl-widget-9-widgetCarousel-77-buy-29156-quantityForm-submit"><!--[if IE]><input type=IEbug disabled style="display:none"><![endif]-->
</form>

        </div>
</div>
                        <p class="product-incart-info accessible">Produkt nemáte v košíku</p>
                </div>

                
            </div>
            <div id="product-append-29152" class="product-item">
                <div class="product-item-flags">
                </div>
                <div class="product-item-image">
                        <a data-href="/specialni-nabidka/syrovy-special?specialOfferControl-widget-9-widgetCarousel-77-id=29152&amp;do=specialOfferControl-widget-9-widgetCarousel-77-modal" data-target="specialOfferControl-widget-9-widgetCarousel-77-productModal" aria-hidden="true"
                           onclick="kosikAjax.click(this, null, function() { $('#specialOfferControl-widget-9-widgetCarousel-77-productModal .product-detail-related > .product-items').slick('unslick'); $('#specialOfferControl-widget-9-widgetCarousel-77-productModal .product-widget .product-items').slick('unslick'); $('#specialOfferControl-widget-9-widgetCarousel-77-productModal > .kosik-modal-inner').html(''); })">
                            <img src="https://cdn.kosik.cz/content/product/jpg/list/empty.jpg" data-src="https://cdn.kosik.cz/content/product/jpg/list/46527.jpg" alt="Náš Grunt Bio selský čerstvý sýr bílý 100g" class="loading-images loading-image">
                        </a>




                </div>

                                <div class="product-item-info">
                    <h5><a href="javascript:void(0)" aria-label="Náš Grunt Bio selský čerstvý sýr bílý 100g" data-href="/specialni-nabidka/syrovy-special?specialOfferControl-widget-9-widgetCarousel-77-id=29152&amp;do=specialOfferControl-widget-9-widgetCarousel-77-modal" class="product-name modal-link"
                           data-target="specialOfferControl-widget-9-widgetCarousel-77-productModal" onclick="kosikAjax.click(this, initModalCarousel(this), function() { $('#specialOfferControl-widget-9-widgetCarousel-77-productModal .product-detail-related > .product-items').slick('unslick'); $('#specialOfferControl-widget-9-widgetCarousel-77-productModal .product-widget .product-items').slick('unslick'); $('#specialOfferControl-widget-9-widgetCarousel-77-productModal > .kosik-modal-inner').html(''); })">
                            Náš Grunt Bio selský čerstvý sýr bílý 100g
                        </a>
                    </h5>
                    <p class="product-item-price ">
                        <span class="price-before-discount">
                        </span>
<strong class="price">36,90 Kč</strong>
                    </p>
                    <p class="product-item-unit">
                            (<strong class="price">369,00 Kč</strong> / kg)
                    </p>
                                        <div class="product-list-rating">
                    </div>
<div id="snippet-specialOfferControl-widget-9-widgetCarousel-77-buy-29152-quantity">        <div class="product-quantity-control">
            <form action="/specialni-nabidka/syrovy-special" method="post" class="ajax" id="frm-specialOfferControl-widget-9-widgetCarousel-77-buy-29152-quantityForm">
                <input type="text" name="quantity" size="3" id="frm-specialOfferControl-widget-9-widgetCarousel-77-buy-29152-quantityForm-quantity" data-nette-rules='[{"op":":integer","msg":"Množství musí být číslo."}]' value="1" aria-label="počet k přidání">
                <input type="submit" name="_submit" value="Přidat" class="product-quantity-control-submit plus" aria-label="přidat počet do košíku">
            <input type="hidden" name="do" value="specialOfferControl-widget-9-widgetCarousel-77-buy-29152-quantityForm-submit"><!--[if IE]><input type=IEbug disabled style="display:none"><![endif]-->
</form>

        </div>
</div>
                        <p class="product-incart-info accessible">Produkt nemáte v košíku</p>
                </div>

                
            </div>
        </div>
    </div>
</div>


<div class="kosik-modal-overlay product-modal" id="specialOfferControl-widget-9-widgetCarousel-77-productModal" role="dialog">
    <div class="kosik-modal-inner large super-scaled" id="snippet-specialOfferControl-widget-9-widgetCarousel-77-productModalArea">
    </div>
</div>


<div class="kosik-modal-overlay" id="specialOfferControl-widget-9-widgetCarousel-77-productSetModal" role="dialog">
    <div class="kosik-modal-inner large super-scaled" id="snippet-specialOfferControl-widget-9-widgetCarousel-77-productSetModalArea">
    </div>
</div>
	</div>
</div>
<div class="kosik-modal-overlay product-modal" id="widget-productModal-specialOfferControl-widget-9" role="dialog">
	<div class="kosik-modal-inner large super-scaled" id="snippet-specialOfferControl-widget-9-productModalArea">
	</div>
</div>

<script async>
    $(document).ready(function () {
        var isOpen = $('body').hasClass('show');

        $('.region-recipes-makeYourself-carousel-inner .recipes-carousel').not('.slick-initialized').slick({
            dots: true,
            dotsClass: 'slick-dots slick-dots-hp',
            infinite: true,
            slidesToShow: 1,
            slidesToScroll:1,
            speed: 700,
            // autoplay: true,
            // autoplaySpeed: 5000
        });

        $('.region-banner-slider').not('.slick-initialized').slick({
            //dots: true,
            //dotsClass: 'slick-dots slick-dots-hp',
            infinite: true,
            slidesToShow: 1,
            autoplay: true,
            autoplaySpeed: 5000
        });

        $('.zone-microsite .basic-recomendation .recomendation-carousel-inner').not('.slick-initialized').slick({
            infinite: true,
            speed: 700,
            slidesToShow: isOpen ? 4 : 5,
            responsive: [
                {
                    breakpoint: 1025,
                    settings: {
                        slidesToShow: 4,
                        swipeToSlide: true
                    }
                },
                {
                    breakpoint: 769,
                    settings: {
                        slidesToShow: 3,
                        swipeToSlide: true
                    }
                },
                {
                    breakpoint: 560,
                    settings: {
                        slidesToShow: 2,
                        swipeToSlide: false,
                        slidesToScroll: 2
                    }
                },
                {
                    breakpoint: 360,
                    settings: {
                        slidesToShow: 1,
                        slidesToScroll:1
                    }
                }
            ]
        });

        $('.recipes-carousel').on('beforeChange', function(event, slick, currentSlide, nextSlide) {
            $('.zone-microsite .basic-recomendation .recomendation-carousel-inner[data-product-carousel="'+$(this).data('product-carousel')+'"]').slick('slickGoTo', nextSlide * 5);
        });

        fixing.onClose(function () {
            $('.zone-microsite .basic-recomendation .recomendation-carousel-inner').slick('slickSetOption', 'slidesToShow', 5, true);
            $('.recipes-carousel').slick('slickSetOption', 'slidesToShow', 1, true);

        });

        fixing.onOpen(function () {
            $('.zone-microsite .basic-recomendation .recomendation-carousel-inner').slick('slickSetOption', 'slidesToShow', 4, true);
            $('.recipes-carousel').slick('slickSetOption', 'slidesToShow', 1, true);
        });

    });

</script><div class="region region-special-set" id="widget-specialni-produkty">
	<div class="region-inner region-special-set-inner">
		<div class="block block-title block-title-horizontal-line">
			<h2 style="color:#6f4a04"><span>Speciální produkty</span></h2>
		</div>
		<div class="block block-special-set">
				<div class="left">
					<div class="text-wrapper">
						<h3>Red Culinaria Nůž na sýr 14cm</h3>
						<p>Správný kulinář vždycky ví, jaký nůž zvolit. Nezapomeňte si před hostinou pořídit speciální nůž na krájení sýrů.</p>
						<p class="price">
							<strong class="">58,90 Kč</strong>
						</p>
						<div id="snippet-productList-buy-29738-quantity">
							<div class="product-quantity-control">
								<form action="/mrazene" method="post" class="ajax" id="frm-productList-buy-29738-quantityForm">
									<input type="text" name="quantity" size="3" id="frm-productList-buy-29738-quantityForm-quantity"  value="1">
									<input type="submit" name="_submit" value="Přidat" class="product-quantity-control-submit plus">
									<input type="hidden" name="do" value="productList-buy-29738-quantityForm-submit">
									<!--[if IE]>
									<input type=IEbug disabled style="display:none">
									<![endif]-->
								</form>
							</div>
						</div>
					</div>
					<img src="https://cdn.kosik.cz/content/widget-product/png/default/572.png" alt="Red Culinaria Nůž na sýr 14cm" class="set-image">
				</div>
				<div class="right">
					<div class="text-wrapper">
						<h3>Tefal Comfort Touch skládací struhadlo</h3>
						<p>Čerstvě nastrouhané tvrdé sýry jsou všestranná delikatesa. Ulehčete si jejich přípravu kvalitním struhadlem.</p>
						<p class="price">
							<strong class="">239,00 Kč</strong>
						</p>
						<div id="snippet-productList-buy-28447-quantity">
							<div class="product-quantity-control">
								<form action="/mrazene" method="post" class="ajax" id="frm-productList-buy-28447-quantityForm">
									<input type="text" name="quantity" size="3" id="frm-productList-buy-28447-quantityForm-quantity"  value="1">
									<input type="submit" name="_submit" value="Přidat" class="product-quantity-control-submit plus">
									<input type="hidden" name="do" value="productList-buy-28447-quantityForm-submit">
									<!--[if IE]>
									<input type=IEbug disabled style="display:none">
									<![endif]-->
								</form>
							</div>
						</div>
					</div>
					<img src="https://cdn.kosik.cz/content/widget-product/png/default/573.png" alt="Tefal Comfort Touch skládací struhadlo" class="set-image">
				</div>
		</div>
	</div>
</div>
<div class="kosik-modal-overlay product-modal" id="widget-productModal-specialOfferControl-widget-10" role="dialog">
	<div class="kosik-modal-inner large super-scaled" id="snippet-specialOfferControl-widget-10-productModalArea">
	</div>
</div>

<script async>
    $(document).ready(function () {
        var isOpen = $('body').hasClass('show');

        $('.region-recipes-makeYourself-carousel-inner .recipes-carousel').not('.slick-initialized').slick({
            dots: true,
            dotsClass: 'slick-dots slick-dots-hp',
            infinite: true,
            slidesToShow: 1,
            slidesToScroll:1,
            speed: 700,
            // autoplay: true,
            // autoplaySpeed: 5000
        });

        $('.region-banner-slider').not('.slick-initialized').slick({
            //dots: true,
            //dotsClass: 'slick-dots slick-dots-hp',
            infinite: true,
            slidesToShow: 1,
            autoplay: true,
            autoplaySpeed: 5000
        });

        $('.zone-microsite .basic-recomendation .recomendation-carousel-inner').not('.slick-initialized').slick({
            infinite: true,
            speed: 700,
            slidesToShow: isOpen ? 4 : 5,
            responsive: [
                {
                    breakpoint: 1025,
                    settings: {
                        slidesToShow: 4,
                        swipeToSlide: true
                    }
                },
                {
                    breakpoint: 769,
                    settings: {
                        slidesToShow: 3,
                        swipeToSlide: true
                    }
                },
                {
                    breakpoint: 560,
                    settings: {
                        slidesToShow: 2,
                        swipeToSlide: false,
                        slidesToScroll: 2
                    }
                },
                {
                    breakpoint: 360,
                    settings: {
                        slidesToShow: 1,
                        slidesToScroll:1
                    }
                }
            ]
        });

        $('.recipes-carousel').on('beforeChange', function(event, slick, currentSlide, nextSlide) {
            $('.zone-microsite .basic-recomendation .recomendation-carousel-inner[data-product-carousel="'+$(this).data('product-carousel')+'"]').slick('slickGoTo', nextSlide * 5);
        });

        fixing.onClose(function () {
            $('.zone-microsite .basic-recomendation .recomendation-carousel-inner').slick('slickSetOption', 'slidesToShow', 5, true);
            $('.recipes-carousel').slick('slickSetOption', 'slidesToShow', 1, true);

        });

        fixing.onOpen(function () {
            $('.zone-microsite .basic-recomendation .recomendation-carousel-inner').slick('slickSetOption', 'slidesToShow', 4, true);
            $('.recipes-carousel').slick('slickSetOption', 'slidesToShow', 1, true);
        });

    });

</script><div class="region region-recipes-makeYourself-carousel" id="widget-doporucujeme-vyzkouset">
	<div class="region-inner region-recipes-makeYourself-carousel-inner">
		<div class="block block-title block-title-horizontal-line">
			<h2 style="color:#6f4a04"><span>Doporučujeme vyzkoušet</span></h2>
		</div>
		<div class="block recipes-carousel" data-product-carousel="doporucujeme-vyzkouset">
			<div class="recipe-item">
				<div class="recipe-item-content">
					<div class="text-wrapper">
						<h3>Zanetti parmezán</h3>
						<div class="recipe-item-text">
							<p>Sl&aacute;va s&yacute;rů Zanetti už d&aacute;vno překonala hranice It&aacute;lie. Jejich parmez&aacute;n, tradičně vyr&aacute;běn&yacute; ve městech Parma a Reggionell&acute;Emilia, je jedn&iacute;m z nejlahodněj&scaron;&iacute;ch tvrd&yacute;ch s&yacute;rů na trhu. Ide&aacute;ln&iacute; je i pro vařen&iacute; &ndash; v&scaron;em pokrmům italsk&eacute; kuchyně dod&aacute; nefal&scaron;ovanou chuť Středomoř&iacute;.</p>
						</div>

						<a href="https://www.kosik.cz/produkt/7873-zanetti-parmigiano-reggiano-extra-tvrdy-syr-150g" class="button-simple button-red button-smaller">Koupit</a>
					</div>
				</div>
				<div class="recipe-item-image" >
						<img src="https://cdn.kosik.cz/content/widget-offer/jpg/default/75.jpg" alt="Zanetti parmezán">
						<span class="helper"></span>
				</div>
			</div>
			<div class="recipe-item">
				<div class="recipe-item-content">
					<div class="text-wrapper">
						<h3>Old Amsterdam</h3>
						<div class="recipe-item-text">
							<p>Až z Holandska přin&aacute;&scaron;&iacute;me ochutn&aacute;vku tamn&iacute;ch tradičn&iacute;ch tvrd&yacute;ch s&yacute;rů Old Amsterdam, kter&eacute; si z&iacute;skaly obdiv cel&eacute; Evropy. Jemn&aacute; gouda z kravsk&eacute;ho ml&eacute;ka překvap&iacute; zralou, v&yacute;raznou chut&iacute; a konzistenc&iacute; hodnou těch největ&scaron;&iacute;ch gurm&aacute;nů. Pro milovn&iacute;ky tvrd&yacute;ch s&yacute;rů povinnost!</p>
						</div>

						<a href="https://www.kosik.cz/produkt/7869-old-amsterdam-tvrdy-syr-150g" class="button-simple button-red button-smaller">Koupit</a>
					</div>
				</div>
				<div class="recipe-item-image" >
						<img src="https://cdn.kosik.cz/content/widget-offer/jpg/default/76.jpg" alt="Old Amsterdam">
						<span class="helper"></span>
				</div>
			</div>
			<div class="recipe-item">
				<div class="recipe-item-content">
					<div class="text-wrapper">
						<h3>Beemster</h3>
						<div class="recipe-item-text">
							<p>Holandsk&aacute; gouda od značky Beemster nem&aacute; na světě obdoby. Jde o věhlasnou značku, kter&aacute; přin&aacute;&scaron;&iacute; s&yacute;ry připraven&eacute; podle časem ověřen&eacute; receptury. Před v&iacute;ce než 100 lety ji vymyslela mal&aacute; rodina s&yacute;rařů a farm&aacute;řů, jejichž dovednosti už ocenil dokonce i kr&aacute;lovsk&yacute; dvůr Nizozemska.</p>
						</div>

						<a href="https://www.kosik.cz/produkt/31150-beemster-mild-200g" class="button-simple button-red button-smaller">Koupit</a>
					</div>
				</div>
				<div class="recipe-item-image" >
						<img src="https://cdn.kosik.cz/content/widget-offer/jpg/default/77.jpg" alt="Beemster">
						<span class="helper"></span>
				</div>
			</div>
			<div class="recipe-item">
				<div class="recipe-item-content">
					<div class="text-wrapper">
						<h3>Horní Dvorce ovčí gouda</h3>
						<div class="recipe-item-text">
							<p>Nejpoctivěj&scaron;&iacute; ovč&iacute; goudu v Česku maj&iacute; na statku Horn&iacute; Dvorce. Marně bychom v n&iacute; hledali konzervanty či jin&eacute; př&iacute;davky, připravuje se pouze z čist&eacute;ho ml&eacute;ka od tamn&iacute;ho st&aacute;da. S&yacute;r se vyr&aacute;b&iacute; na jaře a v l&eacute;tě, kdy se ovečky pasou na zelen&yacute;ch pl&aacute;n&iacute;ch, což přisp&iacute;v&aacute; k jeho kvalitě.</p>
						</div>

						<a href="https://www.kosik.cz/produkt/31092-gouda-ovci-cca-100g" class="button-simple button-red button-smaller">Koupit</a>
					</div>
				</div>
				<div class="recipe-item-image" >
						<img src="https://cdn.kosik.cz/content/widget-offer/jpg/default/78.jpg" alt="Horní Dvorce ovčí gouda">
						<span class="helper"></span>
				</div>
			</div>
			<div class="recipe-item">
				<div class="recipe-item-content">
					<div class="text-wrapper">
						<h3>Arina kozí sýr</h3>
						<div class="recipe-item-text">
							<p>Milovn&iacute;ci koz&iacute;ho ml&eacute;ka si nesm&iacute; nechat uj&iacute;t lahodn&yacute; polotvrd&yacute; s&yacute;r Arina z Holandska. Mistrně v sobě snoub&iacute; typicky lahodnou chuť koz&iacute;ho s&yacute;ru s t&oacute;ny jemn&yacute;ch italsk&yacute;ch bylinek a vytv&aacute;ř&iacute; tak delikatesu, kter&aacute; potě&scaron;&iacute; jak zvědav&eacute; mlsaly, tak i n&aacute;ročn&eacute; gurm&aacute;ny, kteř&iacute; si potrp&iacute; na kvalitu.</p>
						</div>

						<a href="https://www.kosik.cz/produkt/31457-arina-kozi-syr-jong-100g" class="button-simple button-red button-smaller">Koupit</a>
					</div>
				</div>
				<div class="recipe-item-image" >
						<img src="https://cdn.kosik.cz/content/widget-offer/jpg/default/79.jpg" alt="Arina kozí sýr">
						<span class="helper"></span>
				</div>
			</div>
		</div>
	</div>
</div>
<div class="kosik-modal-overlay product-modal" id="widget-productModal-specialOfferControl-widget-11" role="dialog">
	<div class="kosik-modal-inner large super-scaled" id="snippet-specialOfferControl-widget-11-productModalArea">
	</div>
</div>

<script async>
    $(document).ready(function () {
        var isOpen = $('body').hasClass('show');

        $('.region-recipes-makeYourself-carousel-inner .recipes-carousel').not('.slick-initialized').slick({
            dots: true,
            dotsClass: 'slick-dots slick-dots-hp',
            infinite: true,
            slidesToShow: 1,
            slidesToScroll:1,
            speed: 700,
            // autoplay: true,
            // autoplaySpeed: 5000
        });

        $('.region-banner-slider').not('.slick-initialized').slick({
            //dots: true,
            //dotsClass: 'slick-dots slick-dots-hp',
            infinite: true,
            slidesToShow: 1,
            autoplay: true,
            autoplaySpeed: 5000
        });

        $('.zone-microsite .basic-recomendation .recomendation-carousel-inner').not('.slick-initialized').slick({
            infinite: true,
            speed: 700,
            slidesToShow: isOpen ? 4 : 5,
            responsive: [
                {
                    breakpoint: 1025,
                    settings: {
                        slidesToShow: 4,
                        swipeToSlide: true
                    }
                },
                {
                    breakpoint: 769,
                    settings: {
                        slidesToShow: 3,
                        swipeToSlide: true
                    }
                },
                {
                    breakpoint: 560,
                    settings: {
                        slidesToShow: 2,
                        swipeToSlide: false,
                        slidesToScroll: 2
                    }
                },
                {
                    breakpoint: 360,
                    settings: {
                        slidesToShow: 1,
                        slidesToScroll:1
                    }
                }
            ]
        });

        $('.recipes-carousel').on('beforeChange', function(event, slick, currentSlide, nextSlide) {
            $('.zone-microsite .basic-recomendation .recomendation-carousel-inner[data-product-carousel="'+$(this).data('product-carousel')+'"]').slick('slickGoTo', nextSlide * 5);
        });

        fixing.onClose(function () {
            $('.zone-microsite .basic-recomendation .recomendation-carousel-inner').slick('slickSetOption', 'slidesToShow', 5, true);
            $('.recipes-carousel').slick('slickSetOption', 'slidesToShow', 1, true);

        });

        fixing.onOpen(function () {
            $('.zone-microsite .basic-recomendation .recomendation-carousel-inner').slick('slickSetOption', 'slidesToShow', 4, true);
            $('.recipes-carousel').slick('slickSetOption', 'slidesToShow', 1, true);
        });

    });

</script><div class="region region-recipes-makeYourself-carousel" id="widget-udelejte-si">
	<div class="region-inner region-recipes-makeYourself-carousel-inner">
		<div class="block block-title block-title-horizontal-line">
			<h2 style="color:#6f4a04"><span>Udělejte si</span></h2>
		</div>
		<div class="block recipes-carousel" data-product-carousel="udelejte-si">
			<div class="recipe-item">
				<div class="recipe-item-content">
					<div class="text-wrapper">
						<h3>Sklizňový salát s plísňovým sýrem</h3>
						<div class="recipe-item-text">
							<p>Nic na světě nenalad&iacute; na jaro l&eacute;pe než svěž&iacute; sal&aacute;t. Kombinace zapečen&yacute;ch vla&scaron;sk&yacute;ch ořechů, exotick&eacute;ho avok&aacute;da a &scaron;pen&aacute;tu okouzl&iacute; nejednoho milovn&iacute;ka př&iacute;rody. Pl&iacute;sňov&yacute; s&yacute;r pak dod&aacute; cel&eacute;mu pokrmu punc gurm&aacute;nsk&eacute;ho luxusu.</p>
						</div>

						<a href="https://www.kosik.cz/recept/162" class="button-simple button-red button-smaller">Celý recept</a>
					</div>
				</div>
				<div class="recipe-item-image" >
						<img src="https://cdn.kosik.cz/content/widget-offer/jpg/default/80.jpg" alt="Sklizňový salát s plísňovým sýrem">
						<span class="helper"></span>
				</div>
			</div>
			<div class="recipe-item">
				<div class="recipe-item-content">
					<div class="text-wrapper">
						<h3>Zapečené kuře s parmezánem</h3>
						<div class="recipe-item-text">
							<p>Zap&eacute;kan&eacute; maso se s&yacute;rem vždy slibuje hostinu hodnou kr&aacute;lů. V tomto receptu v&aacute;m prozrad&iacute;me, jak snadno a rychle připravit kuřec&iacute; prs&iacute;čka obalen&aacute; v křupav&eacute;m s&yacute;rov&eacute;m těst&iacute;čku, po kter&yacute;ch se bude cel&aacute; rodina olizovat až za u&scaron;ima.</p>
						</div>

						<a href="https://www.kosik.cz/recept/161" class="button-simple button-red button-smaller">Celý recept</a>
					</div>
				</div>
				<div class="recipe-item-image" >
						<img src="https://cdn.kosik.cz/content/widget-offer/jpg/default/81.jpg" alt="Zapečené kuře s parmezánem">
						<span class="helper"></span>
				</div>
			</div>
			<div class="recipe-item">
				<div class="recipe-item-content">
					<div class="text-wrapper">
						<h3>Penne se sýrem brie a bazalkou</h3>
						<div class="recipe-item-text">
							<p>Těstoviny a s&yacute;ry jsou nerozlučn&aacute; dvojice. Okuste chuť italsk&yacute;ch penne v marin&aacute;dě ze s&yacute;ra brie, česneku a čerstv&eacute; bazalky. Pro v&scaron;echny milovn&iacute;ky italsk&eacute; kuchyně je tento recept povinnost, pro ty ostatn&iacute; nezapomenuteln&yacute; kulin&aacute;řsk&yacute; z&aacute;žitek.</p>
						</div>

						<a href="https://www.kosik.cz/recept/163" class="button-simple button-red button-smaller">Celý recept</a>
					</div>
				</div>
				<div class="recipe-item-image" >
						<img src="https://cdn.kosik.cz/content/widget-offer/jpg/default/82.jpg" alt="Penne se sýrem brie a bazalkou">
						<span class="helper"></span>
				</div>
			</div>
		</div>
	</div>
</div>
<div class="kosik-modal-overlay product-modal" id="widget-productModal-specialOfferControl-widget-12" role="dialog">
	<div class="kosik-modal-inner large super-scaled" id="snippet-specialOfferControl-widget-12-productModalArea">
	</div>
</div>

<script async>
    $(document).ready(function () {
        var isOpen = $('body').hasClass('show');

        $('.region-recipes-makeYourself-carousel-inner .recipes-carousel').not('.slick-initialized').slick({
            dots: true,
            dotsClass: 'slick-dots slick-dots-hp',
            infinite: true,
            slidesToShow: 1,
            slidesToScroll:1,
            speed: 700,
            // autoplay: true,
            // autoplaySpeed: 5000
        });

        $('.region-banner-slider').not('.slick-initialized').slick({
            //dots: true,
            //dotsClass: 'slick-dots slick-dots-hp',
            infinite: true,
            slidesToShow: 1,
            autoplay: true,
            autoplaySpeed: 5000
        });

        $('.zone-microsite .basic-recomendation .recomendation-carousel-inner').not('.slick-initialized').slick({
            infinite: true,
            speed: 700,
            slidesToShow: isOpen ? 4 : 5,
            responsive: [
                {
                    breakpoint: 1025,
                    settings: {
                        slidesToShow: 4,
                        swipeToSlide: true
                    }
                },
                {
                    breakpoint: 769,
                    settings: {
                        slidesToShow: 3,
                        swipeToSlide: true
                    }
                },
                {
                    breakpoint: 560,
                    settings: {
                        slidesToShow: 2,
                        swipeToSlide: false,
                        slidesToScroll: 2
                    }
                },
                {
                    breakpoint: 360,
                    settings: {
                        slidesToShow: 1,
                        slidesToScroll:1
                    }
                }
            ]
        });

        $('.recipes-carousel').on('beforeChange', function(event, slick, currentSlide, nextSlide) {
            $('.zone-microsite .basic-recomendation .recomendation-carousel-inner[data-product-carousel="'+$(this).data('product-carousel')+'"]').slick('slickGoTo', nextSlide * 5);
        });

        fixing.onClose(function () {
            $('.zone-microsite .basic-recomendation .recomendation-carousel-inner').slick('slickSetOption', 'slidesToShow', 5, true);
            $('.recipes-carousel').slick('slickSetOption', 'slidesToShow', 1, true);

        });

        fixing.onOpen(function () {
            $('.zone-microsite .basic-recomendation .recomendation-carousel-inner').slick('slickSetOption', 'slidesToShow', 4, true);
            $('.recipes-carousel').slick('slickSetOption', 'slidesToShow', 1, true);
        });

    });

</script>    <div class="region region-linear-gradient" aria-hidden="true" id="widget-spravne-krajeni-syru">
        <div class="region-inner region-linear-gradient-inner">
            <div class="block block-title block-title-horizontal-line">
                <h2><span>Správné krájení sýrů</span></h2>
            </div>
            <div class="content-gradient-warpper">
                <div class="full-content">
                    <img src="https://cdn.kosik.cz/content/widget/png/default/81.png" alt="" >
                    <button class="button-simple button-red button-smaller" onclick="showFullContent(event)">Zabalit</button>
                </div>

                <div class="linear-gradient">
                    <a href="javascript:void(0)" aria-hidden="true" class="button-simple button-red button-smaller" onclick="showFullContent(event)">Prohlédnout</a>
                </div>
            </div>
        </div>
    </div>

    <script>
        function showFullContent(evt) {
            var parent = evt.currentTarget.parentNode.parentNode;
            parent.classList.toggle("show-full-content");
        }
    </script>

<div class="kosik-modal-overlay product-modal" id="widget-productModal-specialOfferControl-widget-13" role="dialog">
	<div class="kosik-modal-inner large super-scaled" id="snippet-specialOfferControl-widget-13-productModalArea">
	</div>
</div>

<script async>
    $(document).ready(function () {
        var isOpen = $('body').hasClass('show');

        $('.region-recipes-makeYourself-carousel-inner .recipes-carousel').not('.slick-initialized').slick({
            dots: true,
            dotsClass: 'slick-dots slick-dots-hp',
            infinite: true,
            slidesToShow: 1,
            slidesToScroll:1,
            speed: 700,
            // autoplay: true,
            // autoplaySpeed: 5000
        });

        $('.region-banner-slider').not('.slick-initialized').slick({
            //dots: true,
            //dotsClass: 'slick-dots slick-dots-hp',
            infinite: true,
            slidesToShow: 1,
            autoplay: true,
            autoplaySpeed: 5000
        });

        $('.zone-microsite .basic-recomendation .recomendation-carousel-inner').not('.slick-initialized').slick({
            infinite: true,
            speed: 700,
            slidesToShow: isOpen ? 4 : 5,
            responsive: [
                {
                    breakpoint: 1025,
                    settings: {
                        slidesToShow: 4,
                        swipeToSlide: true
                    }
                },
                {
                    breakpoint: 769,
                    settings: {
                        slidesToShow: 3,
                        swipeToSlide: true
                    }
                },
                {
                    breakpoint: 560,
                    settings: {
                        slidesToShow: 2,
                        swipeToSlide: false,
                        slidesToScroll: 2
                    }
                },
                {
                    breakpoint: 360,
                    settings: {
                        slidesToShow: 1,
                        slidesToScroll:1
                    }
                }
            ]
        });

        $('.recipes-carousel').on('beforeChange', function(event, slick, currentSlide, nextSlide) {
            $('.zone-microsite .basic-recomendation .recomendation-carousel-inner[data-product-carousel="'+$(this).data('product-carousel')+'"]').slick('slickGoTo', nextSlide * 5);
        });

        fixing.onClose(function () {
            $('.zone-microsite .basic-recomendation .recomendation-carousel-inner').slick('slickSetOption', 'slidesToShow', 5, true);
            $('.recipes-carousel').slick('slickSetOption', 'slidesToShow', 1, true);

        });

        fixing.onOpen(function () {
            $('.zone-microsite .basic-recomendation .recomendation-carousel-inner').slick('slickSetOption', 'slidesToShow', 4, true);
            $('.recipes-carousel').slick('slickSetOption', 'slidesToShow', 1, true);
        });

    });

</script>    <div class="region region-banner" id="widget-cela-nabidka">
        <div class="region-inner region-banner-inner">
            <a href="https://www.kosik.cz/hledat?q=s%C3%BDrov%C3%BDspeci%C3%A1l&amp;utm_source=HP&amp;utm_medium=syrmicrosite&amp;utm_content=syrovyspecial&amp;utm_campaign=akvizice" aria-label="Celá nabídka speciálu"><img src="https://cdn.kosik.cz/content/widget/png/default/82.png" alt=""></a>
        </div>
    </div>

<div class="kosik-modal-overlay product-modal" id="widget-productModal-specialOfferControl-widget-14" role="dialog">
	<div class="kosik-modal-inner large super-scaled" id="snippet-specialOfferControl-widget-14-productModalArea">
	</div>
</div>

<script async>
    $(document).ready(function () {
        var isOpen = $('body').hasClass('show');

        $('.region-recipes-makeYourself-carousel-inner .recipes-carousel').not('.slick-initialized').slick({
            dots: true,
            dotsClass: 'slick-dots slick-dots-hp',
            infinite: true,
            slidesToShow: 1,
            slidesToScroll:1,
            speed: 700,
            // autoplay: true,
            // autoplaySpeed: 5000
        });

        $('.region-banner-slider').not('.slick-initialized').slick({
            //dots: true,
            //dotsClass: 'slick-dots slick-dots-hp',
            infinite: true,
            slidesToShow: 1,
            autoplay: true,
            autoplaySpeed: 5000
        });

        $('.zone-microsite .basic-recomendation .recomendation-carousel-inner').not('.slick-initialized').slick({
            infinite: true,
            speed: 700,
            slidesToShow: isOpen ? 4 : 5,
            responsive: [
                {
                    breakpoint: 1025,
                    settings: {
                        slidesToShow: 4,
                        swipeToSlide: true
                    }
                },
                {
                    breakpoint: 769,
                    settings: {
                        slidesToShow: 3,
                        swipeToSlide: true
                    }
                },
                {
                    breakpoint: 560,
                    settings: {
                        slidesToShow: 2,
                        swipeToSlide: false,
                        slidesToScroll: 2
                    }
                },
                {
                    breakpoint: 360,
                    settings: {
                        slidesToShow: 1,
                        slidesToScroll:1
                    }
                }
            ]
        });

        $('.recipes-carousel').on('beforeChange', function(event, slick, currentSlide, nextSlide) {
            $('.zone-microsite .basic-recomendation .recomendation-carousel-inner[data-product-carousel="'+$(this).data('product-carousel')+'"]').slick('slickGoTo', nextSlide * 5);
        });

        fixing.onClose(function () {
            $('.zone-microsite .basic-recomendation .recomendation-carousel-inner').slick('slickSetOption', 'slidesToShow', 5, true);
            $('.recipes-carousel').slick('slickSetOption', 'slidesToShow', 1, true);

        });

        fixing.onOpen(function () {
            $('.zone-microsite .basic-recomendation .recomendation-carousel-inner').slick('slickSetOption', 'slidesToShow', 4, true);
            $('.recipes-carousel').slick('slickSetOption', 'slidesToShow', 1, true);
        });

    });

</script>
                                                                                                                                                                                                                                                                                                                                                                                                                                                                                                                                                                                                                                                                                                                                                                                                                                                                                                                                                                                                                        
		</div>
	</div>

		</div>


		<div class="zone-wrapper zone-postscript-wrapper clearfix" id="footer-fixing-element">
			<div class="zone zone-postscript clearfix">
				<h2 class="hp-brand-carousel-title" style="display: none">Oblíbené značky</h2>
				<div class="region region-brands-carousel">
					<div class="region-inner region-brands-carousel-inner">

												<div>
	<div class="company-box" style="filter: grayscale(100%)" onmouseover="this.style.WebkitFilter='grayscale(0%)'" onmouseout="this.style.WebkitFilter='grayscale(100%)'">
		<a href="/birell-botanicals" aria-label="Birell Botanicals">
			<img style="margin-top: 15%" src="/content/microsites/birell/logo.jpg" alt="Birell Botanicals" aria-hidden="true">
			<div class="company-text" aria-hidden="true">Birell Botanicals</div>
		</a>
	</div>
</div>
												<div>
	<div class="company-box" style="filter: grayscale(100%)" onmouseover="this.style.WebkitFilter='grayscale(0%)'" onmouseout="this.style.WebkitFilter='grayscale(100%)'">
		<a href="/brand/penam" aria-label="Penam">
			<img style="margin-top: 15%" src="https://cdn.kosik.cz/content/brand-logo/png/default/86.png" alt="Penam" aria-hidden="true">
			<div class="company-text" aria-hidden="true">Penam</div>
		</a>
	</div>
</div>
<div>
	<div class="company-box" style="filter: grayscale(100%)" onmouseover="this.style.WebkitFilter='grayscale(0%)'" onmouseout="this.style.WebkitFilter='grayscale(100%)'">
		<a href="/brand/madeta" aria-label="Madeta">
			<img style="margin-top: 15%" src="https://cdn.kosik.cz/content/brand-logo/png/default/101.png" alt="Madeta" aria-hidden="true">
			<div class="company-text" aria-hidden="true">Madeta</div>
		</a>
	</div>
</div>
<div>
	<div class="company-box" style="filter: grayscale(100%)" onmouseover="this.style.WebkitFilter='grayscale(0%)'" onmouseout="this.style.WebkitFilter='grayscale(100%)'">
		<a href="/brand/danone" aria-label="Danone">
			<img style="margin-top: 15%" src="https://cdn.kosik.cz/content/brand-logo/png/default/109.png" alt="Danone" aria-hidden="true">
			<div class="company-text" aria-hidden="true">Danone</div>
		</a>
	</div>
</div>
<div>
	<div class="company-box" style="filter: grayscale(100%)" onmouseover="this.style.WebkitFilter='grayscale(0%)'" onmouseout="this.style.WebkitFilter='grayscale(100%)'">
		<a href="/brand/dr-oetker" aria-label="Dr. Oetker">
			<img style="margin-top: 15%" src="https://cdn.kosik.cz/content/brand-logo/png/default/313.png" alt="Dr. Oetker" aria-hidden="true">
			<div class="company-text" aria-hidden="true">Dr. Oetker</div>
		</a>
	</div>
</div>
<div>
	<div class="company-box" style="filter: grayscale(100%)" onmouseover="this.style.WebkitFilter='grayscale(0%)'" onmouseout="this.style.WebkitFilter='grayscale(100%)'">
		<a href="/brand/pickwick" aria-label="Pickwick">
			<img style="margin-top: 15%" src="https://cdn.kosik.cz/content/brand-logo/png/default/357.png" alt="Pickwick" aria-hidden="true">
			<div class="company-text" aria-hidden="true">Pickwick</div>
		</a>
	</div>
</div>
<div>
	<div class="company-box" style="filter: grayscale(100%)" onmouseover="this.style.WebkitFilter='grayscale(0%)'" onmouseout="this.style.WebkitFilter='grayscale(100%)'">
		<a href="/brand/velkopopovicky-kozel" aria-label="Velkopopovický Kozel">
			<img style="margin-top: 15%" src="https://cdn.kosik.cz/content/brand-logo/png/default/448.png" alt="Velkopopovický Kozel" aria-hidden="true">
			<div class="company-text" aria-hidden="true">Velkopopovický Kozel</div>
		</a>
	</div>
</div>
<div>
	<div class="company-box" style="filter: grayscale(100%)" onmouseover="this.style.WebkitFilter='grayscale(0%)'" onmouseout="this.style.WebkitFilter='grayscale(100%)'">
		<a href="/brand/edeka" aria-label="Edeka">
			<img style="margin-top: 15%" src="https://cdn.kosik.cz/content/brand-logo/png/default/678.png" alt="Edeka" aria-hidden="true">
			<div class="company-text" aria-hidden="true">Edeka</div>
		</a>
	</div>
</div>

					</div>
				</div>
				<div class="region region-subscribe-box">
					<div class="region-inner region-subscribe-box-inner">
						<div class="block block-subscribe-box-logo">
							<a aria-hidden="true" href="/">
								<img src="/css/images/logo-white.svg" alt="Košík.cz">
							</a>
						</div>
						<div class="block block-subscribe-box-social">
							<a href="https://twitter.com/kosikcz" class="twitter" title="Twitter" aria-label="Twitter">
								<i class="fa fa-twitter" aria-hidden="true"></i>
							</a>
							<a href="https://www.facebook.com/kosikcz" title="Facebook" class="facebook" aria-label="Facebook">
								<i class="fa fa-facebook" aria-hidden="true"></i>
							</a>
							<a href="https://www.instagram.com/kosik.cz/" title="Instagram" class="instagram" aria-label="Instagram" >
								<i class="fa fa-instagram" aria-hidden="true"></i>
							</a>
						</div>

<div class="block block-subscribe-email" id="snippet-subscribeMailing-subscribeFormArea">
		<p>Novinky a akční nabídky</p>
		<form action="/specialni-nabidka/syrovy-special" method="post" class="ajax" id="frm-subscribeMailing-subscribe">
		<label for="frm-subscribeMailing-subscribe-email">Zadejte svůj e-mail</label>
		<input type="text" name="email" placeholder="Zadejte svůj e-mail" id="frm-subscribeMailing-subscribe-email" required data-nette-rules='[{"op":":filled","msg":"E-mail je povinný"},{"op":":email","msg":"E-mail nemá správný formát"}]'>
		<input type="submit" name="_submit" value="Přihlásit" class="subscribe-button button-simple button-green" aria-label="Přihlásit se k odběru novinek">
		<input type="hidden" name="do" value="subscribeMailing-subscribe-submit"><!--[if IE]><input type=IEbug disabled style="display:none"><![endif]-->
</form>

</div>
					</div>
				</div>

			</div>
		</div>

		<footer class="zone-wrapper zone-footer-wrapper clearfix" role="contentinfo">
			<div class="zone zone-footer clearfix">
				<h2 class="accessible">Patička</h2>
				<div class="region region-footer lighter-gray-bg">
					<div class="region-inner region-footer-inner">
						<div class="block block-footer-left">

	<ul>
		<li>
			<h4 class="footer-title">Nakupování</h4>
			<ul>
				<li>
					<a href="/pripravene-nakupy">Připravené nákupy</a>
				</li>
				<li>
					<a href="/pruvodce-nakupem">Průvodce nákupem</a>
				</li>
				<li>
					<a href="/produkty-v-akci">Produkty v akci</a>
				</li>
				<li>
					<a href="/brands">Značkové obchody</a>
				</li>
				<li>
					<a href="/doporucujeme">Doporučujeme</a>
				</li>
			</ul>
		</li>
	</ul>
	<ul>
		<li>
			<h4 class="footer-title">Společnost</h4>
			<ul>
				<li>
					<a href="/spolecnost/kontakt">Kontakt</a>
				</li>
				<li>
					<a href="/kariera">Kariéra</a>
				</li>
				<li>
					<a href="/spolecnost/obchodni-podminky">Obchodní podmínky</a>
				</li>
				<li>
					<a href="/spolecnost/zrusit-odber">Zrušit odběr akční nabídky</a>
				</li>
			</ul>
		</li>
	</ul>
	<ul>
		<li>
			<h4 class="footer-title">Zajímá vás</h4>
			<ul>
				<li>
					<a href="/zajima-vas/proc-vybrat-kosik">Proč vybrat Košík.cz?</a>
				</li>
				<li>
					<a href="/zajima-vas/caste-dotazy">Časté dotazy</a>
				</li>
				<li>
					<a href="/zajima-vas/spoluprace">Spolupráce</a>
				</li>
				<li>
					<a href="/vitejte">První nákup</a>
				</li>
			</ul>
		</li>
	</ul>
	<ul>
		<li>
			<h4 class="footer-title">Získejte</h4>
			<ul>
				<li>
					<a href="/informace-o-rozvozu-a-cenach">Informace o rozvozu a cenách</a>
				</li>
				<li>
					<a href="/garance-spokojenosti">Garance spokojenosti</a>
				</li>
			</ul>
		</li>
	</ul>
						</div>
						<div class="block block-footer-right">
							<a href="https://www.facebook.com/kosikcz" class="accessible">Facebook Košík.cz</a>
							<div class="fb-page" data-href="https://www.facebook.com/kosikcz" data-width="300"
								 data-height="200"
								 data-small-header="true" data-adapt-container-width="false" data-hide-cover="false"
								 data-show-facepile="true" data-show-posts="false" aria-hidden="true">
								<div class="fb-xfbml-parse-ignore">
									<blockquote cite="https://www.facebook.com/kosikcz"><a
												href="https://www.facebook.com/kosikcz">Facebook</a></blockquote>
								</div>
							</div>
						</div>
						<div class="clear"></div>
						<div class="block block-footer-services">
							<div class="service-contact">
								<div class="service-phone">
									<span class="circle"><i class="fa fa-phone" aria-label="Telefon"></i></span>
									<p>226 220 500 <span>Denně 7:00 až 22:00</span></p>
							</div>
								<div class="service-mail">
									<span class="circle"><i class="fa fa-envelope" aria-label="E-mail"></i></span>

									<p>zakaznici@kosik.cz <span>Vašim e-mailům se věnujeme 7 dní v týdnu.</span></p>
								</div>
							</div>
							<div class="service-payment">
									<div class="payment">
										<img src="/css/images/payment-1.png" alt="Bezpečná platba - 1">
									</div>
									<div class="payment">
										<img src="/css/images/payment-2.png" alt="Bezpečná platba - 2">
									</div>
									<div class="payment">
										<img src="/css/images/payment-3.png" alt="Bezpečná platba - 3">
									</div>
									<div class="payment">
										<img src="/css/images/payment-4.png" alt="Bezpečná platba - 4">
									</div>
									<div class="payment">
										<img src="/css/images/payment-5.png" alt="Bezpečná platba - 5">
									</div>
							</div>
						</div>
					</div>
				</div>
				<div class="region region-copyright">
					<div class="region-inner region-copyright-inner">
						<p>Copyright ©2017 &copy; Košík.cz. Všechna práva vyhrazena.</p>
												<!-- Facebook Pixel Code -->
						<script>
							!function (f, b, e, v, n, t, s){if(f.fbq)return;n=f.fbq=function(){n.callMethod?
				n.callMethod.apply(n,arguments):n.queue.push(arguments)};if(!f._fbq)f._fbq=n;
				n.push=n;n.loaded=!0;n.version='2.0';n.queue=[];t=b.createElement(e);t.async=!0;
				t.src=v;s=b.getElementsByTagName(e)[0];s.parentNode.insertBefore(t,s)}(window,
									document, 'script', '//connect.facebook.net/en_US/fbevents.js');
							fbq('init', '338087796401059');
							fbq('track', "PageView");</script>
						<noscript><img height="1" width="1" style="display:none"
									   src="https://www.facebook.com/tr?id=338087796401059&ev=PageView&noscript=1"
							></noscript>
						<!-- End Facebook Pixel Code -->
					</div>
				</div>
			</div>
		</footer>

				<section class="kosik-modal-overlay zero-padding" id="weighable-modal" role="dialog" tabindex="-1">
			<div class="kosik-modal-inner large  super-scaled">

				<a href="javascript:void(0)" aria-label="Zavřít dialog" class="kosik-modal-close"></a>

				<div class="region region-fullwidth-image">
					<div class="region-inner region-fullwidth-image-inner">
						<img src="/css/images/veg.jpg" alt="">
					</div>
				</div>
				<div class="region region-modal-content">
					<div class="region-inner region-modal-content-inner  align-center">
						<h1 class="title"><strong>Kolik u nás zaplatíte</strong> <span>za maso, ovoce a zeleninu?</span></h1>

						<div class="block block-steps">
							<div class="block-steps-inner">
								<div class="step">
																		<p class="step-text">Slovíčka „cca" se u nás bát nemusíte! Jde pouze o přibližný
										odhad ceny, <strong>ve finále vám naúčtujeme pouze reálnou váhu daného
											výrobku.</strong></p>
								</div>
								<div class="step">
																		<p class="step-text">Při platbě v hotovosti vás kurýr obeznámí s výslednou cenou.
										Při platbě kartou vám případný rozdíl bude vrácen zpět na váš účet.</p>
								</div>
								<div class="step">
																		<p class="step-text">Nikdy se však nebude jednat o rozdíl větší než 30% z ceny
										výrobku.</p>
								</div>
							</div>
						</div>
						<a class="button button-red green-button"
						   onclick="kosikModal.closeModal(document.getElementById('weighable-modal'))">Pokračovat v nákupu</a>
					</div>
				</div>

			</div>
		</section>




        <div class="kosik-modal-overlay" id="login-modal" role="dialog" tabindex="-1" aria-labelledby="login-modal-label">
            <div class="kosik-modal-inner medium super-scaled">
                <div class="login-modal-dialog-box">
<a href="javascript:void(0)" aria-label="Zavřít dialog" class="log-in-close-tag kosik-modal-close"></a>
<div class="login-modal" id="snippet-loginModal-signIn-singIN">
        <h2 id="login-modal-label">Přihlásit</h2>
        <form action="/specialni-nabidka/syrovy-special" method="post" id="frm-loginModal-signIn-signInForm">
            <div class="form-row">
                    <label for="frm-loginModal-signIn-signInForm-email">E-mailová adresa</label>
                <input type="text" name="email" maxlength="255" id="frm-loginModal-signIn-signInForm-email" required data-nette-rules='[{"op":":filled","msg":"Zadejte prosím svoji e-mailovou adresu."},{"op":":email","msg":"E-mailová adresa nemá správný formát."},{"op":":maxLength","msg":"Maximální délka e-mailové adresy je %length% znaků.","arg":255}]' class="form-control">
            </div>
            <div class="form-row">
                    <label for="frm-loginModal-signIn-signInForm-password">Heslo</label>
                <input type="password" name="password" id="frm-loginModal-signIn-signInForm-password" required data-nette-rules='[{"op":":filled","msg":"Zadejte prosím své heslo."}]' class="form-control">
            </div>
            <div class="form-row">
                <a class="ajax link-red" href="/specialni-nabidka/syrovy-special?do=loginModal-signIn-recovery">Zapomněli jste heslo?</a>
            </div>
            <div class="form-row">
                <input type="submit" name="send" value="Přihlásit" class="button button-red ajax">
            </div>
        <input type="hidden" name="do" value="loginModal-signIn-signInForm-submit"></form>

        <div class="form-row">
            <span class="row-delimiter">
                <b>nebo</b>
            </span>
        </div>
        <div class="form-row">
<a class="button button-facebook" data-href="true" href="/specialni-nabidka/syrovy-special?do=loginModal-signIn-facebook-fbLogin-open">Facebook přihlášení</a>        </div>
</div>
<div class="login-modal" id="snippet-loginModal-signUp-singUP">
    <h2>Registrovat</h2>
<div id="snippet-loginModal-signUp-register">        <form action="/specialni-nabidka/syrovy-special" method="post" id="frm-loginModal-signUp-signUpFormMain">
            <div class="form-row">
                    <label for="frm-loginModal-signUp-signUpFormMain-email">Registrační e-mail</label>
                <input type="text" name="email" maxlength="255" id="frm-loginModal-signUp-signUpFormMain-email" required data-nette-rules='[{"op":":filled","msg":"Zadejte prosím svou e-mailovou adresu."},{"op":":email","msg":"E-mailová adresa nemá správný formát."},{"op":":maxLength","msg":"Maximální délka e-mailové adresy je %length% znaků.","arg":255}]' class="form-control signup-email">
            </div>

            <div class="form-row">
                <a href="/zajima-vas/proc-vybrat-kosik" class="link-red">Proč se registrovat?</a>
            </div>
            <div class="form-row">
                <input type="submit" name="send" value="Registrovat" class="ajax button button-red">
            </div>
        <input type="hidden" name="do" value="loginModal-signUp-signUpFormMain-submit"><!--[if IE]><input type=IEbug disabled style="display:none"><![endif]-->
</form>

                                                <p class="benefits">
            <i class="fa fa-check"></i>
            <b>Garance</b> spokojenosti
        </p>
        <p class="benefits">
            <i class="fa fa-check"></i>
            <b>Doprava</b> zdarma
        </p>
</div></div>

<script async>
    $(".signup-email").on("focus", function() {
    	window.dataLayer = window.dataLayer || [];
	    window.dataLayer.push({
		    'event': 'ga.event',
		    'eCategory': 'User',
		    'eAction': 'Registration',
		    'eLabel': 'Start',
		    'eValue': 1,
		    'eNonInteractionHit': true,
		    'eventCallback' : function() {
			    window.dataLayer.push({
				    'eCategory': undefined,
				    'eAction': undefined,
				    'eLabel': undefined,
				    'eValue': undefined,
				    'eNonInteractionHit': false
			    });
		    }
	    });
    })
</script>
                </div>
            </div>
        </div>
    <div class="kosik-modal-overlay" id="product-set-add-modal" role="dialog" tabindex="-1">
        <div class="kosik-modal-inner medium super-scaled">
            <a href="javascript:void(0)" aria-label="Zavřít dialog" class="kosik-modal-close"></a>

				<div class="product-set-add-modal-overlay" id="snippet--productSetModalArea">
	<h3>Přidání na seznam</h3>
	<p align="center">Produkt byl přidán na nákupní seznam</p>
				</div>
			</div>
		</div>
	</div>

	<script type="text/javascript">
		$(document).ready(function () {
			$('.region-brands-carousel-inner').slick({
				dots: false,
				infinite: true,
				slidesToShow: 6,
				slidesToScroll: 6,
				responsive: [
					{
						breakpoint: 1025,
						settings: {
							slidesToShow: 5,
                            swipeToSlide: true
						}
					},
					{
						breakpoint: 769,
						settings: {
							slidesToShow: 4,
                            swipeToSlide: true
						}
					},
					{
						breakpoint: 559,
						settings: {
							slidesToShow: 3,
                            swipeToSlide: false,
                            slidesToScroll: 3,
						}
					},
					{
						breakpoint: 380,
						settings: {
							slidesToShow: 2,
                            swipeToSlide: false,
                            slidesToScroll: 2,
						}
					}
				]
			});
		});

	</script>
</div>        </div>
        <div class="flass-massege-box" id="snippet--flashes">
            <div class="flass-wrapper">
                <div class="flass-inner">
                </div>
            </div>

        </div>
        <script src="/js/kosik-slider.js"></script>
            <script type="text/javascript" async>
                var ua = navigator.userAgent.toLowerCase(),
                        platform = navigator.platform.toLowerCase();
                platformName = ua.match(/ip(?:ad|od|hone)/) ? 'ios' : (ua.match(/(?:webos|android)/) || platform.match(/mac|win|linux/) || ['other'])[0],
                        isMobile = /ios|android|webos/.test(platformName);
                if (!isMobile) {
                    <!-- Daktela Chat - START Body -->
                    var _daktelaChatInit = _daktelaChatInit || {};
                    _daktelaChatInit.server = 'https://digitalengines.daktela.com/';
                    _daktelaChatInit.accessToken = 'q3059750300809p3r611r01np2n63r7r';
                    _daktelaChatInit.queueName = '91001';
                    jQuery('head').append('<script type="text/javascript" charset="utf-8" src="'+
                    _daktelaChatInit.server+'external/chat/chat.v6.js" async><'+'/script>');
                    <!-- Daktela Chat - END Body -->
                }
            </script>
            <script async src="https://yottlyscript.com/script.js?tp=77"></script>

        <script src="/js/wNumb.js"></script>
        <script src="/js/nouislider.js"></script>
        <script src="/js/notification.js"></script>
        <script src="/js/slim.kickstart.min.js"></script>


		    </body>
</html>
