<!doctype html>
<html class="no-js" lang="cs">
    <head>
        <meta charset="utf-8">
        <title>
                Lihoviny | Košík.cz
        </title>
        <meta name="description" content="">
        <meta name="viewport" content="width=device-width, initial-scale=1.0, minimum-scale=1.0, maximum-scale=1.0, user-scalable=0">
        <meta name="google-site-verification" content="D_TktPqmDVHPoqRO1IIcPVlm_ozerAa43QP0QcKATP0">
        <link rel="apple-touch-icon" href="/css/images/logo.png">
        <link rel="stylesheet" type="text/css" href="/css/slim.min.css">

<link rel="stylesheet" type="text/css" href="/webtemp/cssloader-6fe495a87813.css?1513959590">
<script type="text/javascript" src="/webtemp/jsloader-e4f5f7728c43.js?1511346204"></script>
<script type="text/javascript">
    function currentPageDataPush() {
	    window.dataLayer = window.dataLayer || [];
	    window.dataLayer.push({
		    'pageType': "category",
		    'pageCategory': ["Nápoje","Lihoviny"],
		    'visitorLoginState': 'Anonymous',
			
	    });
    };
    currentPageDataPush();
</script>
<!-- Google Tag Manager -->
    <script>
        (
            function(w,d,s,l,i){
                w[l]=w[l]||[];
                w[l].push({'gtm.start':new Date().getTime(),event:'gtm.js'});
                var f=d.getElementsByTagName(s)[0],j=d.createElement(s),dl=l!='dataLayer'?'&l='+l:'';
                j.async=true;
                j.src='https://www.googletagmanager.com/gtm.js?id='+i+dl;
                f.parentNode.insertBefore(j,f);
            }
        )(window,document,'script','dataLayer',"GTM-MXLVZK");
    </script>
<!-- End Google Tag Manager -->        
                    </head>
    <body>
<!-- Google Tag Manager (noscript) -->
	<noscript><iframe src="https://www.googletagmanager.com/ns.html?id=GTM-MXLVZK" height="0" width="0" style="display:none;visibility:hidden"></iframe></noscript>
<!-- End Google Tag Manager (noscript) -->
	            <div id="fb-root"></div>
        <script async>(function (d, s, id) {
                var js, fjs = d.getElementsByTagName(s)[0];
                if (d.getElementById(id)) return;
                js = d.createElement(s);
                js.id = id;
                js.src = "//connect.facebook.net/en_US/sdk.js#xfbml=1&version=v2.4&appId=680354828760786";
                fjs.parentNode.insertBefore(js, fjs);
            }(document, 'script', 'facebook-jssdk'));
        </script>
        <div class="black-overlay"></div>
        <div id="kosik-modal-blur">
<div id="snippet--wholeContent">	<!--[if lt IE 8]>
	<p class="browserupgrade">You are using an <strong>outdated</strong> browser. Please <a
			href="http://browsehappy.com/">upgrade your browser</a> to improve your experience.</p>
	<![endif]-->
	<div class="body">
		<div id="skiptocontent">
						<button onclick='location.href = "#maincontent";'  class="skip-link" accesskey="o" tabindex="1" aria-label="Přejít na hlavní obsah (klávesa o)">Hlavní obsah [o]</button>
			<button onclick='location.href = "#big-menu";'  class="skip-link" accesskey="n" tabindex="1" href="" aria-label="Přejít na navigaci (klávesa n)">Přejít na navigaci [n]</button>
			<button onclick='location.href = "#frm-suggester-suggester-phrase";'  class="skip-link" accesskey="v" tabindex="1" aria-label="Přejít na vyhledání (klávesa v)">Přejít na vyhledání [v]</button>

				<button class="skip-link blur-modal-overlay kosik-modal-open log-out-icon" tabindex="1" data-target="login-modal" aria-label="Přihlásit se (nejste přihlášen)">Přihlásit se</button>
		</div>

		<header>
			<div class="zone-wrapper zone-header-wrapper clearfix">
<div id="snippet-cookiesAgreementControl-bar">    <div class="region region-cookie-message">
        <div class="region-inner region-cookie-message-inner">
            <span>Cookies nám pomáhají poskytovat lepší služby. Používáním/zobrazováním stránky vyjadřujete souhlas s jejich používáním a uchováváním.</span>
            <a class="btn-info ajax" aria-label="Souhlasím s používáním a uchováváním cookies" href="/napoje/lihoviny?do=cookiesAgreementControl-agree">Souhlasím</a>
        </div>
    </div>
</div>				<div class="zone zone-header clearfix">
					<div class="region region-header">
						<div class="region-inner region-header-inner">
							<div class="block block-logo">
								<a class="header-logo" href="/">
									<img src="/css/images/logo.svg" alt="logo Kosik.cz">
								</a>
							</div>
<script>
    $(document).ready(function(){
        var timeout;

		$('.block-suggester-container').on('click',function(e){

			e.stopPropagation();

        });

        $('.block-suggester-container .suggester input[type=text]').keyup(function(){
            var self = $(this);

            if(timeout) clearTimeout(timeout);

            timeout = setTimeout(function(){
                $.nette.ajax({
                    url: "https:\/\/www.kosik.cz\/napoje\/lihoviny?do=suggester-suggest",
                    data: {
                        phrase: self.val()
                    }
                })
            }, 300);


        });

    });

    function gaPush(self, cat)
    {
        dataLayer.push({
            'event': 'ga.pageview',
            'pagePath': '/hledat?q='+$('#frm-suggester-suggester-phrase').val()+'&cat='+cat,
            'pageTitle': 'Našeptávač'
        });

        window.location = self.href;
    }
</script>
<div class="block block-suggester-container" role="search">
    <div class="suggester">
        <form action="/napoje/lihoviny" method="post" id="frm-suggester-suggester" aria-label="vyhledávání na košíku">
            <input type="text" name="phrase" autocomplete="off" placeholder="Vyhledávání" id="frm-suggester-suggester-phrase">
            <input type="submit" name="_submit" value="Hledat" class="button-simple button-red">
        <input type="hidden" name="do" value="suggester-suggester-submit"><!--[if IE]><input type=IEbug disabled style="display:none"><![endif]-->
</form>

    </div>
<div id="snippet-suggester-suggestionResult"></div></div>
<script type="text/javascript" async>
    var ShoppingList = {
        toggle: function () {
            basic.toggleClass(document.getElementById('shopping-list-overlay'), 'active')
        }
    };

    basic.documentReady(function () {

        var textArea = document.getElementById('frm-shoppingList-listForm-queries');

        if (textArea)
            textArea.setAttribute('placeholder', 'Například: \n\nMléko \nChléb \nVejce \nMaso \nRajče \n\n\nPro zadání klikněte do pole')
    });

</script>
<div class="block block-shopping-list" id="shopping-list-overlay">
    <a id="shopping-list" class="shopping-list button-simple button-red" onclick="ShoppingList.toggle()">Nákupní lístek</a>

    <div class="shopping-list-detail">
        <h5>Nákupní lístek</h5>

        <p>Napište hledané položky a klikněte na HLEDAT</p>
        <form action="/napoje/lihoviny" method="post" id="frm-checklist-listForm">
        <textarea name="queries" placeholder="Například:&amp;#13;&amp;#10;" id="frm-checklist-listForm-queries">Chléb
Nízkotučný jogurt
Vejce
Hladká mouka</textarea>
            <div class="shopping-list-buttons">
                <a href="#" class="link-red" onclick="document.getElementById('frm-checklist-listForm').submit();">Uložit lístek</a>
                <a onclick="ShoppingList.toggle()" class="link-red">Skrýt lístek</a>
                <input type="submit" name="_submit" value="Hledat" class="button button-red">
            </div>
        <input type="hidden" name="do" value="checklist-listForm-submit"><!--[if IE]><input type=IEbug disabled style="display:none"><![endif]-->
</form>

    </div>
</div>
                        <div class="block block-user-session">

							<div class="user-session-group">
									<a class="log-icon log-out-icon blur-modal-overlay kosik-modal-open log-out-icon"
									   data-target="login-modal"
									   aria-label="Přihlásit se"
									   href="javascript:void(0)">
										<span><img src="/svg/log-out.svg"  title="Nepřihlášený uživatel"></span>
										Přihlásit
									</a>


							</div>

							</div>
							<script type="text/javascript">
								$(document).ready(function () {
									$('.block-user-session .button').click(function (event) {
										$('.block-user-session').toggleClass('open');
									});
								});
							</script>
						</div>
					</div>

					<div class="mobile-fixed-header" id="fixed-header">
						<span class="navigation-mobile only-mobile"></span>
						<span class="suggester-mobile-switcher icon-search"></span>
<div class="region region-nav-special" role="navigation">
    <div class="region-inner region-nav-special-inner">
        <ul>
            <li><a href="/produkty-v-akci" data-href="true" >
                    <img src="/svg/action.svg" aria-hidden="true" alt="akce">
                    <span class="item-name-desktop">Akce</span>
                </a></li>
            <li><a href="/vyprodej" data-href="true">
                    <img src="/svg/sale.svg" aria-hidden="true" alt="výprodej">
                    <span class="item-name-desktop">Výprodej</span>
                </a></li>
                        <li></li>
            <li><a href="/recepty" data-href="true">
                    <img src="/svg/recipes.svg" aria-hidden="true" alt="recepty">
                    <span class="item-name-desktop">Recepty</span>
                </a></li>
            <li><a href="https://blog.kosik.cz" data-href="true" target="_blank">
                    <img src="/svg/blog.svg" aria-hidden="true" alt="blog">
                    <span class="item-name-desktop">Blog</span>
                </a></li>
            <li><a href="/delikatesy">
                    <img src="/svg/deli.svg" aria-hidden="true" alt="delikatesy">
                    <span class="item-name-desktop">Delikatesy</span>
                </a></li>
            <li><a href="/hotova-jidla">
                    <img src="/svg/ready-made-meal.svg" aria-hidden="true" alt="hotová jídla">
                    <span class="item-name-desktop">Hotová jídla</span>
                </a></li>
            <li><a class="christmas-link" href="/#christmas-inspiration">
                    <img src="/svg/vanoce.svg" aria-hidden="true" alt="Vánoce">
                    <span class="item-name-desktop">Vánoce</span>
                </a></li>
            <li><a href="/poctive-piti">
                    <img src="/svg/honest-drinks.svg" aria-hidden="true" alt="poctivé pití">
                    <span class="item-name-desktop">Poctivé pití</span>
                </a></li>
        </ul>
    </div>
</div>

<div class="region region-navigation" id="big-menu" role="navigation">
    <div class="region-inner region-navigation-inner">
        <span class="navigation-mobile"></span>
        <script>
            $(document).ready(function () {
                $('.region-navigation ul > li.sub').hover(function () {
                    var isOpen = $(this).data().open;

                    if (!isOpen) {
                        var images = $(this).find('img');

                        images.each(function (index, element) {
                            $(element).attr('src', $(element).data().src);
                        });

                        $(this).data().open = true;
                    }
                });
            });
        </script>

        <ul>
                <li class="login-modal-controls  mobile-small-nav-show">
                    <a class="log-in blur-modal-overlay kosik-modal-open" data-target="login-modal" id="signup-open">
                        Registrovat
                    </a>
                    <a class="log-in blur-modal-overlay kosik-modal-open" data-target="login-modal" id="signin-open">
                        Přihlásit
                    </a>
                </li>
                <li class="facebook-nav  mobile-small-nav-show">
<a class="button button-facebook" data-href="true" href="/napoje/lihoviny?do=menu-facebook-fbLogin-open">Facebook přihlášení</a>                </li>


                        <div class="menu-nav-icons mobile-small-nav-show">

                <div class="ico-text-group">
                    <a class="ico-text-group-link" href="/produkty-v-akci" data-href="true">
                        <span class="item-name">Akce</span>
                        <img src="/svg/action.svg" aria-hidden="true" alt="akce">
                    </a>
                </div>


                <div class="ico-text-group">
                    <a class="ico-text-group-link" href="/vyprodej" data-href="true">
                        <span class="item-name">Výprodej</span>
                        <img src="/svg/sale.svg" aria-hidden="true" alt="výprodej">
                    </a>
                </div>


                
                <div class="ico-text-group">
                    <a class="ico-text-group-link" href="/recepty" data-href="true">
                        <span class="item-name">Recepty</span>
                        <img src="/svg/recipes.svg" aria-hidden="true" alt="recepty">
                    </a>
                </div>

               <div class="ico-text-group">
                    <a class="ico-text-group-link" href="https://blog.kosik.cz" data-href="true" target="_blank">
                        <span class="item-name">Blog</span>
                        <img src="/svg/blog.svg" aria-hidden="true" alt="blog">
                    </a>
                </div>

                <div class="ico-text-group">
                    <a class="ico-text-group-link" href="/delikatesy" data-href="true">
                        <span class="item-name">Delikatesy</span>
                        <img src="/svg/deli.svg" aria-hidden="true" alt="delikatesy">
                    </a>
                </div>

                <div class="ico-text-group">
                    <a class="ico-text-group-link" href="/hotova-jidla" data-href="true">
                        <span class="item-name">Hotová jídla</span>
                        <img src="/svg/ready-made-meal.svg" aria-hidden="true" alt="hotová jídla">
                    </a>
                </div>

                <div class="ico-text-group">
                    <a class="ico-text-group-link christmas-link" href="/#christmas-inspiration" data-href="true" >
                        <span class="item-name">Vánoce</span>
                        <img src="/svg/vanoce.svg" aria-hidden="true" alt="Vánoce">
                    </a>
                </div>

                <div class="ico-text-group">
                    <a class="ico-text-group-link" href="/poctive-piti" data-href="true" >
                        <span class="item-name">Poctivé pití</span>
                        <img src="/svg/honest-drinks.svg" aria-hidden="true" alt="Poctivé pití">
                    </a>
                </div>
            </div>

                <li class="sub with-children"
                    data-open="false">
                    <a href="/mlecne-a-chlazene">
                        Mléčné a chlazené
                    </a>
                        <span class="category-toggle-sub mobile-small-nav-show"
                              onclick="this.parentNode.classList.toggle('open')">
							<i class="fa fa-angle-down" aria-hidden="true"></i>
						</span>
                    <div class="block block-droped-category">
                        <div class="block-droped-category-inner">
                            <div class="category-product-list">

                                                                <div class="product-type">
                                    <a href="/mlecne-a-chlazene/mlecne-vyrobky-vejce" class="product-type-image">
                                        <img data-src="https://cdn.kosik.cz/content/category/svg/menu/908.svg" alt="Mléčné výrobky, vejce">
                                    </a>
                                    <h3>
                                        <a class="children" href="/mlecne-a-chlazene/mlecne-vyrobky-vejce">
                                            Mléčné výrobky, vejce
                                        </a>
                                    </h3>

                                                                        <div class="categories-container">

                                                <a href="/mlecne-a-chlazene/mlecne-vyrobky-vejce/bio-mlecne-vyrobky">
                                                    Bio mléčné výrobky,
                                                </a>

                                                <a href="/mlecne-a-chlazene/mlecne-vyrobky-vejce/drozdi">
                                                    Droždí,
                                                </a>

                                                <a href="/mlecne-a-chlazene/mlecne-vyrobky-vejce/mleko">
                                                    Mléko,
                                                </a>


                                                <a href="/mlecne-a-chlazene/mlecne-vyrobky-vejce/smetany-a-alternativy">
                                                    Smetany a alternativy,
                                                </a>

                                                <a href="/mlecne-a-chlazene/mlecne-vyrobky-vejce/jogurty">
                                                    Jogurty,
                                                </a>







                                        <a href="/mlecne-a-chlazene/mlecne-vyrobky-vejce">...</a>
                                    </div>
                                </div>
                                <div class="product-type">
                                    <a href="/mlecne-a-chlazene/syry" class="product-type-image">
                                        <img data-src="https://cdn.kosik.cz/content/category/svg/menu/936.svg" alt="Sýry">
                                    </a>
                                    <h3>
                                        <a class="children" href="/mlecne-a-chlazene/syry">
                                            Sýry
                                        </a>
                                    </h3>

                                                                        <div class="categories-container">

                                                <a href="/mlecne-a-chlazene/syry/platkove">
                                                    Plátkové,
                                                </a>

                                                <a href="/mlecne-a-chlazene/syry/blocky">
                                                    Bločky,
                                                </a>

                                                <a href="/mlecne-a-chlazene/syry/strouhane">
                                                    Strouhané,
                                                </a>

                                                <a href="/mlecne-a-chlazene/syry/cottage-a-cerstve">
                                                    Cottage a čerstvé,
                                                </a>



                                                <a href="/mlecne-a-chlazene/syry/termizovane">
                                                    Termizované,
                                                </a>









                                        <a href="/mlecne-a-chlazene/syry">...</a>
                                    </div>
                                </div>
                                <div class="product-type">
                                    <a href="/mlecne-a-chlazene/upraveny-obsah-laktozy" class="product-type-image">
                                        <img data-src="https://cdn.kosik.cz/content/category/svg/menu/1703.svg" alt="Upravený obsah laktózy">
                                    </a>
                                    <h3>
                                        <a class="children" href="/mlecne-a-chlazene/upraveny-obsah-laktozy">
                                            Upravený obsah laktózy
                                        </a>
                                    </h3>

                                                                        <div class="categories-container">


                                                <a href="/mlecne-a-chlazene/upraveny-obsah-laktozy/bez-laktozy">
                                                    Bez laktózy,
                                                </a>
                                        <a href="/mlecne-a-chlazene/upraveny-obsah-laktozy">...</a>
                                    </div>
                                </div>
                                <div class="product-type">
                                    <a href="/mlecne-a-chlazene/maslo-margariny-tuky" class="product-type-image">
                                        <img data-src="https://cdn.kosik.cz/content/category/svg/menu/902.svg" alt="Máslo, margaríny, tuky">
                                    </a>
                                    <h3>
                                        <a class="children" href="/mlecne-a-chlazene/maslo-margariny-tuky">
                                            Máslo, margaríny, tuky
                                        </a>
                                    </h3>

                                                                        <div class="categories-container">

                                                <a href="/mlecne-a-chlazene/maslo-margariny-tuky/margariny">
                                                    Margaríny,
                                                </a>

                                                <a href="/mlecne-a-chlazene/maslo-margariny-tuky/maslo">
                                                    Máslo,
                                                </a>


                                                <a href="/mlecne-a-chlazene/maslo-margariny-tuky/sadlo">
                                                    Sádlo,
                                                </a>

                                        <a href="/mlecne-a-chlazene/maslo-margariny-tuky">...</a>
                                    </div>
                                </div>
                                <div class="product-type">
                                    <a href="/mlecne-a-chlazene/majonezy-tatarky-a-dresingy" class="product-type-image">
                                        <img data-src="https://cdn.kosik.cz/content/category/svg/menu/899.svg" alt="Majonézy, tatarky a dresingy">
                                    </a>
                                    <h3>
                                        <a class="children" href="/mlecne-a-chlazene/majonezy-tatarky-a-dresingy">
                                            Majonézy, tatarky a dresingy
                                        </a>
                                    </h3>

                                                                        <div class="categories-container">

                                                <a href="/mlecne-a-chlazene/majonezy-tatarky-a-dresingy/dresingy">
                                                    Dresingy,
                                                </a>

                                        <a href="/mlecne-a-chlazene/majonezy-tatarky-a-dresingy">...</a>
                                    </div>
                                </div>
                            </div>
                        </div>
                    </div>
                </li>
                <li class="sub with-children"
                    data-open="false">
                    <a href="/maso-a-ryby">
                        Maso a ryby
                    </a>
                        <span class="category-toggle-sub mobile-small-nav-show"
                              onclick="this.parentNode.classList.toggle('open')">
							<i class="fa fa-angle-down" aria-hidden="true"></i>
						</span>
                    <div class="block block-droped-category">
                        <div class="block-droped-category-inner">
                            <div class="category-product-list">

                                                                <div class="product-type">
                                    <a href="/maso-a-ryby/jehneci" class="product-type-image">
                                        <img data-src="https://cdn.kosik.cz/content/category/svg/menu/973.svg" alt="Jehněčí">
                                    </a>
                                    <h3>
                                        <a class="children" href="/maso-a-ryby/jehneci">
                                            Jehněčí
                                        </a>
                                    </h3>

                                                                        <div class="categories-container">

                                                <a href="/maso-a-ryby/jehneci/bio">
                                                    Bio,
                                                </a>

                                                <a href="/maso-a-ryby/jehneci/s-kosti">
                                                    S kostí,
                                                </a>

                                                <a href="/maso-a-ryby/jehneci/mlete">
                                                    Mleté,
                                                </a>
                                        <a href="/maso-a-ryby/jehneci">...</a>
                                    </div>
                                </div>
                                <div class="product-type">
                                    <a href="/maso-a-ryby/mlete-maso" class="product-type-image">
                                        <img data-src="https://cdn.kosik.cz/content/category/svg/menu/974.svg" alt="Mleté maso">
                                    </a>
                                    <h3>
                                        <a class="children" href="/maso-a-ryby/mlete-maso">
                                            Mleté maso
                                        </a>
                                    </h3>

                                                                        <div class="categories-container">

                                                <a href="/maso-a-ryby/mlete-maso/hovezi">
                                                    Hovězí,
                                                </a>

                                                <a href="/maso-a-ryby/mlete-maso/veprove">
                                                    Vepřové,
                                                </a>

                                                <a href="/maso-a-ryby/mlete-maso/jehneci">
                                                    Jehněčí,
                                                </a>

                                                <a href="/maso-a-ryby/mlete-maso/michane-mix">
                                                    Míchané (mix),
                                                </a>

                                                <a href="/maso-a-ryby/mlete-maso/drubezi">
                                                    Drůbeží,
                                                </a>
                                        <a href="/maso-a-ryby/mlete-maso">...</a>
                                    </div>
                                </div>
                                <div class="product-type">
                                    <a href="/maso-a-ryby/farmarske-a-specialni" class="product-type-image">
                                        <img data-src="https://cdn.kosik.cz/content/category/svg/menu/1858.svg" alt="Farmářské a speciální">
                                    </a>
                                    <h3>
                                        <a class="children" href="/maso-a-ryby/farmarske-a-specialni">
                                            Farmářské a speciální
                                        </a>
                                    </h3>

                                                                        <div class="categories-container">

                                                <a href="/maso-a-ryby/farmarske-a-specialni/farmarska-drubez">
                                                    Farmářská Drůbež,
                                                </a>

                                                <a href="/maso-a-ryby/farmarske-a-specialni/francouzska-drubez">
                                                    Francouzská drůbež,
                                                </a>
                                        <a href="/maso-a-ryby/farmarske-a-specialni">...</a>
                                    </div>
                                </div>
                                <div class="product-type">
                                    <a href="/maso-a-ryby/masa-na-grilovani-a-steaky" class="product-type-image">
                                        <img data-src="https://cdn.kosik.cz/content/category/svg/menu/1859.svg" alt="Masa na grilování a steaky">
                                    </a>
                                    <h3>
                                        <a class="children" href="/maso-a-ryby/masa-na-grilovani-a-steaky">
                                            Masa na grilování a steaky
                                        </a>
                                    </h3>

                                                                        <div class="categories-container">

                                                <a href="/maso-a-ryby/masa-na-grilovani-a-steaky/vyzrala-masa">
                                                    Vyzrálá masa,
                                                </a>

                                                <a href="/maso-a-ryby/masa-na-grilovani-a-steaky/masa-na-grilovani">
                                                    Masa na grilování,
                                                </a>

                                                <a href="/maso-a-ryby/masa-na-grilovani-a-steaky/masa-na-medailonky">
                                                    Masa na medailonky,
                                                </a>
                                        <a href="/maso-a-ryby/masa-na-grilovani-a-steaky">...</a>
                                    </div>
                                </div>
                                <div class="product-type">
                                    <a href="/maso-a-ryby/snadne-vareni-a-polotovary" class="product-type-image">
                                        <img data-src="https://cdn.kosik.cz/content/category/svg/menu/1860.svg" alt="Snadné vaření a polotovary">
                                    </a>
                                    <h3>
                                        <a class="children" href="/maso-a-ryby/snadne-vareni-a-polotovary">
                                            Snadné vaření a polotovary
                                        </a>
                                    </h3>

                                                                        <div class="categories-container">

                                                <a href="/maso-a-ryby/snadne-vareni-a-polotovary/sous-vide">
                                                    Sous vide,
                                                </a>

                                                <a href="/maso-a-ryby/snadne-vareni-a-polotovary/burgery">
                                                    Burgery,
                                                </a>

                                                <a href="/maso-a-ryby/snadne-vareni-a-polotovary/klobasy">
                                                    Klobásy,
                                                </a>

                                                <a href="/maso-a-ryby/snadne-vareni-a-polotovary/vyvary">
                                                    Vývary,
                                                </a>

                                                <a href="/maso-a-ryby/snadne-vareni-a-polotovary/masne-polotovary">
                                                    Masné Polotovary,
                                                </a>
                                        <a href="/maso-a-ryby/snadne-vareni-a-polotovary">...</a>
                                    </div>
                                </div>
                                <div class="product-type">
                                    <a href="/maso-a-ryby/drubez" class="product-type-image">
                                        <img data-src="https://cdn.kosik.cz/content/category/svg/menu/961.svg" alt="Drůbež">
                                    </a>
                                    <h3>
                                        <a class="children" href="/maso-a-ryby/drubez">
                                            Drůbež
                                        </a>
                                    </h3>

                                                                        <div class="categories-container">

                                                <a href="/maso-a-ryby/drubez/bio">
                                                    Bio,
                                                </a>

                                                <a href="/maso-a-ryby/drubez/kachna-husa">
                                                    Kachna, husa,
                                                </a>

                                                <a href="/maso-a-ryby/drubez/droby">
                                                    Droby,
                                                </a>

                                                <a href="/maso-a-ryby/drubez/mlete">
                                                    Mleté,
                                                </a>

                                                <a href="/maso-a-ryby/drubez/specialni">
                                                    Speciální,
                                                </a>

                                                <a href="/maso-a-ryby/drubez/na-polevku">
                                                    Na polévku,
                                                </a>

                                                <a href="/maso-a-ryby/drubez/rodinne-baleni">
                                                    Rodinné balení,
                                                </a>





                                        <a href="/maso-a-ryby/drubez">...</a>
                                    </div>
                                </div>
                                <div class="product-type">
                                    <a href="/maso-a-ryby/hovezi" class="product-type-image">
                                        <img data-src="https://cdn.kosik.cz/content/category/svg/menu/967.svg" alt="Hovězí">
                                    </a>
                                    <h3>
                                        <a class="children" href="/maso-a-ryby/hovezi">
                                            Hovězí
                                        </a>
                                    </h3>

                                                                        <div class="categories-container">

                                                <a href="/maso-a-ryby/hovezi/mlete">
                                                    Mleté,
                                                </a>

                                                <a href="/maso-a-ryby/hovezi/na-polevku">
                                                    Na polévku,
                                                </a>

                                                <a href="/maso-a-ryby/hovezi/rodinne-baleni">
                                                    Rodinné balení,
                                                </a>

                                                <a href="/maso-a-ryby/hovezi/jalovice-krava">
                                                    Jalovice, kráva,
                                                </a>

                                                <a href="/maso-a-ryby/hovezi/mlady-byk">
                                                    Mladý býk,
                                                </a>


                                                <a href="/maso-a-ryby/hovezi/bio">
                                                    Bio,
                                                </a>

                                        <a href="/maso-a-ryby/hovezi">...</a>
                                    </div>
                                </div>
                                <div class="product-type">
                                    <a href="/maso-a-ryby/veprove" class="product-type-image">
                                        <img data-src="https://cdn.kosik.cz/content/category/svg/menu/980.svg" alt="Vepřové">
                                    </a>
                                    <h3>
                                        <a class="children" href="/maso-a-ryby/veprove">
                                            Vepřové
                                        </a>
                                    </h3>

                                                                        <div class="categories-container">

                                                <a href="/maso-a-ryby/veprove/v-celku">
                                                    V celku,
                                                </a>

                                                <a href="/maso-a-ryby/veprove/krajene">
                                                    Krájené,
                                                </a>

                                                <a href="/maso-a-ryby/veprove/droby">
                                                    Droby,
                                                </a>

                                                <a href="/maso-a-ryby/veprove/mlete">
                                                    Mleté,
                                                </a>

                                                <a href="/maso-a-ryby/veprove/uzene">
                                                    Uzené,
                                                </a>

                                                <a href="/maso-a-ryby/veprove/slaniny">
                                                    Slaniny,
                                                </a>

                                                <a href="/maso-a-ryby/veprove/rodinne-baleni">
                                                    Rodinné balení,
                                                </a>
                                        <a href="/maso-a-ryby/veprove">...</a>
                                    </div>
                                </div>
                                <div class="product-type">
                                    <a href="/maso-a-ryby/ryby" class="product-type-image">
                                        <img data-src="https://cdn.kosik.cz/content/category/svg/menu/975.svg" alt="Ryby">
                                    </a>
                                    <h3>
                                        <a class="children" href="/maso-a-ryby/ryby">
                                            Ryby
                                        </a>
                                    </h3>

                                                                        <div class="categories-container">

                                                <a href="/maso-a-ryby/ryby/cele-ryby">
                                                    Celé ryby,
                                                </a>

                                                <a href="/maso-a-ryby/ryby/filety">
                                                    Filety,
                                                </a>

                                                <a href="/maso-a-ryby/ryby/ceske-ryby">
                                                    České ryby,
                                                </a>

                                                <a href="/maso-a-ryby/ryby/morske">
                                                    Mořské,
                                                </a>

                                                <a href="/maso-a-ryby/ryby/sladkovodni">
                                                    Sladkovodní,
                                                </a>

                                                <a href="/maso-a-ryby/ryby/uzene">
                                                    Uzené,
                                                </a>

                                        <a href="/maso-a-ryby/ryby">...</a>
                                    </div>
                                </div>
                                <div class="product-type">
                                    <a href="/maso-a-ryby/zverina" class="product-type-image">
                                        <img data-src="https://cdn.kosik.cz/content/category/svg/menu/982.svg" alt="Zvěřina">
                                    </a>
                                    <h3>
                                        <a class="children" href="/maso-a-ryby/zverina">
                                            Zvěřina
                                        </a>
                                    </h3>

                                                                        <div class="categories-container">

                                                <a href="/maso-a-ryby/zverina/vysoka">
                                                    Vysoká,
                                                </a>

                                                <a href="/maso-a-ryby/zverina/cerna">
                                                    Černá,
                                                </a>
                                        <a href="/maso-a-ryby/zverina">...</a>
                                    </div>
                                </div>
                                <div class="product-type">
                                    <a href="/maso-a-ryby/bio" class="product-type-image">
                                        <img data-src="https://cdn.kosik.cz/content/category/svg/menu/981.svg" alt="Bio">
                                    </a>
                                    <h3>
                                        <a class="children" href="/maso-a-ryby/bio">
                                            Bio
                                        </a>
                                    </h3>

                                                                        <div class="categories-container">

                                                <a href="/maso-a-ryby/bio/hovezi">
                                                    Hovězí,
                                                </a>

                                                <a href="/maso-a-ryby/bio/drubezi">
                                                    Drůbeží,
                                                </a>

                                                <a href="/maso-a-ryby/bio/jehneci">
                                                    Jehněčí,
                                                </a>
                                        <a href="/maso-a-ryby/bio">...</a>
                                    </div>
                                </div>
                                <div class="product-type">
                                    <a href="/maso-a-ryby/susene-maso" class="product-type-image">
                                        <img data-src="https://cdn.kosik.cz/content/category/svg/menu/984.svg" alt="Sušené maso">
                                    </a>
                                    <h3>
                                        <a class="children" href="/maso-a-ryby/susene-maso">
                                            Sušené maso
                                        </a>
                                    </h3>

                                                                        <div class="categories-container">

                                                <a href="/maso-a-ryby/susene-maso/hovezi">
                                                    Hovězí,
                                                </a>

                                                <a href="/maso-a-ryby/susene-maso/veprove">
                                                    Vepřové,
                                                </a>

                                                <a href="/maso-a-ryby/susene-maso/drubezi">
                                                    Drůbeží,
                                                </a>

                                                <a href="/maso-a-ryby/susene-maso/ostatni">
                                                    Ostatní,
                                                </a>
                                        <a href="/maso-a-ryby/susene-maso">...</a>
                                    </div>
                                </div>
                            </div>
                        </div>
                    </div>
                </li>
                <li class="sub with-children"
                    data-open="false">
                    <a href="/ovoce-a-zelenina">
                        Ovoce a zelenina
                    </a>
                        <span class="category-toggle-sub mobile-small-nav-show"
                              onclick="this.parentNode.classList.toggle('open')">
							<i class="fa fa-angle-down" aria-hidden="true"></i>
						</span>
                    <div class="block block-droped-category">
                        <div class="block-droped-category-inner">
                            <div class="category-product-list">

                                                                <div class="product-type">
                                    <a href="/ovoce-a-zelenina/susene-orechy-a-semena" class="product-type-image">
                                        <img data-src="https://cdn.kosik.cz/content/category/svg/menu/1003.svg" alt="Sušené ořechy a semena">
                                    </a>
                                    <h3>
                                        <a class="children" href="/ovoce-a-zelenina/susene-orechy-a-semena">
                                            Sušené ořechy a semena
                                        </a>
                                    </h3>

                                                                        <div class="categories-container">

                                                <a href="/ovoce-a-zelenina/susene-orechy-a-semena/orechy">
                                                    Ořechy,
                                                </a>

                                                <a href="/ovoce-a-zelenina/susene-orechy-a-semena/semena">
                                                    Semena,
                                                </a>
                                        <a href="/ovoce-a-zelenina/susene-orechy-a-semena">...</a>
                                    </div>
                                </div>
                                <div class="product-type">
                                    <a href="/ovoce-a-zelenina/cerstve-stavy" class="product-type-image">
                                        <img data-src="https://cdn.kosik.cz/content/category/svg/menu/1756.svg" alt="Čerstvé šťávy">
                                    </a>
                                    <h3>
                                        <a class="children" href="/ovoce-a-zelenina/cerstve-stavy">
                                            Čerstvé šťávy
                                        </a>
                                    </h3>

                                                                    </div>
                                <div class="product-type">
                                    <a href="/ovoce-a-zelenina/ovoce" class="product-type-image">
                                        <img data-src="https://cdn.kosik.cz/content/category/svg/menu/993.svg" alt="Ovoce">
                                    </a>
                                    <h3>
                                        <a class="children" href="/ovoce-a-zelenina/ovoce">
                                            Ovoce
                                        </a>
                                    </h3>

                                                                        <div class="categories-container">

                                                <a href="/ovoce-a-zelenina/ovoce/jablka-a-hrusky">
                                                    Jablka a hrušky,
                                                </a>


                                                <a href="/ovoce-a-zelenina/ovoce/citrusy">
                                                    Citrusy,
                                                </a>

                                                <a href="/ovoce-a-zelenina/ovoce/hrozny-a-melouny">
                                                    Hrozny a melouny,
                                                </a>

                                                <a href="/ovoce-a-zelenina/ovoce/jahody-a-lesni-plody">
                                                    Jahody a lesní plody,
                                                </a>

                                        <a href="/ovoce-a-zelenina/ovoce">...</a>
                                    </div>
                                </div>
                                <div class="product-type">
                                    <a href="/ovoce-a-zelenina/zelenina" class="product-type-image">
                                        <img data-src="https://cdn.kosik.cz/content/category/svg/menu/1013.svg" alt="Zelenina">
                                    </a>
                                    <h3>
                                        <a class="children" href="/ovoce-a-zelenina/zelenina">
                                            Zelenina
                                        </a>
                                    </h3>

                                                                        <div class="categories-container">

                                                <a href="/ovoce-a-zelenina/zelenina/brambory">
                                                    Brambory,
                                                </a>

                                                <a href="/ovoce-a-zelenina/zelenina/cibule-a-cesnek">
                                                    Cibule a česnek,
                                                </a>

                                                <a href="/ovoce-a-zelenina/zelenina/korenova-zelenina">
                                                    Kořenová zelenina,
                                                </a>


                                                <a href="/ovoce-a-zelenina/zelenina/okurky-a-salaty">
                                                    Okurky a saláty,
                                                </a>





                                                <a href="/ovoce-a-zelenina/zelenina/houby">
                                                    Houby,
                                                </a>


                                        <a href="/ovoce-a-zelenina/zelenina">...</a>
                                    </div>
                                </div>
                                <div class="product-type">
                                    <a href="/ovoce-a-zelenina/bylinky" class="product-type-image">
                                        <img data-src="https://cdn.kosik.cz/content/category/svg/menu/989.svg" alt="Bylinky">
                                    </a>
                                    <h3>
                                        <a class="children" href="/ovoce-a-zelenina/bylinky">
                                            Bylinky
                                        </a>
                                    </h3>

                                                                        <div class="categories-container">

                                                <a href="/ovoce-a-zelenina/bylinky/bylinky-v-kvetinaci">
                                                    Bylinky v květináči,
                                                </a>

                                                <a href="/ovoce-a-zelenina/bylinky/rezane-bylinky">
                                                    Řezané bylinky,
                                                </a>
                                        <a href="/ovoce-a-zelenina/bylinky">...</a>
                                    </div>
                                </div>
                                <div class="product-type">
                                    <a href="/ovoce-a-zelenina/salaty" class="product-type-image">
                                        <img data-src="https://cdn.kosik.cz/content/category/svg/menu/1000.svg" alt="Saláty">
                                    </a>
                                    <h3>
                                        <a class="children" href="/ovoce-a-zelenina/salaty">
                                            Saláty
                                        </a>
                                    </h3>

                                                                        <div class="categories-container">

                                                <a href="/ovoce-a-zelenina/salaty/ovocne-salaty">
                                                    Ovocné saláty,
                                                </a>

                                                <a href="/ovoce-a-zelenina/salaty/zeleninove-salaty">
                                                    Zeleninové saláty,
                                                </a>
                                        <a href="/ovoce-a-zelenina/salaty">...</a>
                                    </div>
                                </div>
                                <div class="product-type">
                                    <a href="/ovoce-a-zelenina/susene-ovoce-smesi-a-houby" class="product-type-image">
                                        <img data-src="https://cdn.kosik.cz/content/category/svg/menu/1008.svg" alt="Sušené ovoce, směsi a houby">
                                    </a>
                                    <h3>
                                        <a class="children" href="/ovoce-a-zelenina/susene-ovoce-smesi-a-houby">
                                            Sušené ovoce, směsi a houby
                                        </a>
                                    </h3>

                                                                        <div class="categories-container">

                                                <a href="/ovoce-a-zelenina/susene-ovoce-smesi-a-houby/susene-ovoce">
                                                    Sušené ovoce,
                                                </a>

                                                <a href="/ovoce-a-zelenina/susene-ovoce-smesi-a-houby/susene-houby">
                                                    Sušené houby,
                                                </a>
                                        <a href="/ovoce-a-zelenina/susene-ovoce-smesi-a-houby">...</a>
                                    </div>
                                </div>
                                <div class="product-type">
                                    <a href="/ovoce-a-zelenina/bio" class="product-type-image">
                                        <img data-src="https://cdn.kosik.cz/content/category/svg/menu/986.svg" alt="Bio">
                                    </a>
                                    <h3>
                                        <a class="children" href="/ovoce-a-zelenina/bio">
                                            Bio
                                        </a>
                                    </h3>

                                                                        <div class="categories-container">

                                                <a href="/ovoce-a-zelenina/bio/bio-ovoce">
                                                    Bio ovoce,
                                                </a>

                                                <a href="/ovoce-a-zelenina/bio/bio-zelenina">
                                                    Bio zelenina,
                                                </a>
                                        <a href="/ovoce-a-zelenina/bio">...</a>
                                    </div>
                                </div>
                            </div>
                        </div>
                    </div>
                </li>
                <li class="sub with-children"
                    data-open="false">
                    <a href="/pecivo">
                        Pečivo
                    </a>
                        <span class="category-toggle-sub mobile-small-nav-show"
                              onclick="this.parentNode.classList.toggle('open')">
							<i class="fa fa-angle-down" aria-hidden="true"></i>
						</span>
                    <div class="block block-droped-category">
                        <div class="block-droped-category-inner">
                            <div class="category-product-list">

                                                                <div class="product-type">
                                    <a href="/pecivo/dorty-a-zakusky" class="product-type-image">
                                        <img data-src="https://cdn.kosik.cz/content/category/svg/menu/1033.svg" alt="Dorty a zákusky">
                                    </a>
                                    <h3>
                                        <a class="children" href="/pecivo/dorty-a-zakusky">
                                            Dorty a zákusky
                                        </a>
                                    </h3>

                                                                    </div>
                                <div class="product-type">
                                    <a href="/pecivo/bezne" class="product-type-image">
                                        <img data-src="https://cdn.kosik.cz/content/category/svg/menu/1028.svg" alt="Běžné">
                                    </a>
                                    <h3>
                                        <a class="children" href="/pecivo/bezne">
                                            Běžné
                                        </a>
                                    </h3>

                                                                        <div class="categories-container">

                                                <a href="/pecivo/bezne/balene-pecivo">
                                                    Balené pečivo,
                                                </a>

                                                <a href="/pecivo/bezne/svetle-pecivo">
                                                    Světlé pečivo,
                                                </a>

                                                <a href="/pecivo/bezne/slane-pecivo">
                                                    Slané pečivo,
                                                </a>

                                        <a href="/pecivo/bezne">...</a>
                                    </div>
                                </div>
                                <div class="product-type">
                                    <a href="/pecivo/chleb" class="product-type-image">
                                        <img data-src="https://cdn.kosik.cz/content/category/svg/menu/1034.svg" alt="Chléb">
                                    </a>
                                    <h3>
                                        <a class="children" href="/pecivo/chleb">
                                            Chléb
                                        </a>
                                    </h3>

                                                                        <div class="categories-container">

                                                <a href="/pecivo/chleb/chleb-baleny">
                                                    Chléb balený,
                                                </a>

                                                <a href="/pecivo/chleb/chleb-volny">
                                                    Chléb volný,
                                                </a>
                                        <a href="/pecivo/chleb">...</a>
                                    </div>
                                </div>
                                <div class="product-type">
                                    <a href="/pecivo/sladke" class="product-type-image">
                                        <img data-src="https://cdn.kosik.cz/content/category/svg/menu/1042.svg" alt="Sladké">
                                    </a>
                                    <h3>
                                        <a class="children" href="/pecivo/sladke">
                                            Sladké
                                        </a>
                                    </h3>

                                                                        <div class="categories-container">

                                                <a href="/pecivo/sladke/sladke-pecivo-balene">
                                                    Sladké pečivo balené,
                                                </a>

                                                <a href="/pecivo/sladke/sladke-pecivo-volne">
                                                    Sladké pečivo volné,
                                                </a>
                                        <a href="/pecivo/sladke">...</a>
                                    </div>
                                </div>
                                <div class="product-type">
                                    <a href="/pecivo/trvanlive-pecivo" class="product-type-image">
                                        <img data-src="https://cdn.kosik.cz/content/category/svg/menu/1045.svg" alt="Trvanlivé pečivo">
                                    </a>
                                    <h3>
                                        <a class="children" href="/pecivo/trvanlive-pecivo">
                                            Trvanlivé pečivo
                                        </a>
                                    </h3>

                                                                    </div>
                                <div class="product-type">
                                    <a href="/pecivo/bezlepkove-pecivo" class="product-type-image">
                                        <img data-src="https://cdn.kosik.cz/content/category/svg/menu/1027.svg" alt="Bezlepkové pečivo">
                                    </a>
                                    <h3>
                                        <a class="children" href="/pecivo/bezlepkove-pecivo">
                                            Bezlepkové pečivo
                                        </a>
                                    </h3>

                                                                    </div>
                            </div>
                        </div>
                    </div>
                </li>
                <li class="sub with-children"
                    data-open="false">
                    <a href="/uzeniny-a-lahudky">
                        Uzeniny a lahůdky
                    </a>
                        <span class="category-toggle-sub mobile-small-nav-show"
                              onclick="this.parentNode.classList.toggle('open')">
							<i class="fa fa-angle-down" aria-hidden="true"></i>
						</span>
                    <div class="block block-droped-category">
                        <div class="block-droped-category-inner">
                            <div class="category-product-list">

                                                                <div class="product-type">
                                    <a href="/uzeniny-a-lahudky/uzeniny" class="product-type-image">
                                        <img data-src="https://cdn.kosik.cz/content/category/svg/menu/1047.svg" alt="Uzeniny">
                                    </a>
                                    <h3>
                                        <a class="children" href="/uzeniny-a-lahudky/uzeniny">
                                            Uzeniny
                                        </a>
                                    </h3>

                                                                        <div class="categories-container">

                                                <a href="/uzeniny-a-lahudky/uzeniny/sunky">
                                                    Šunky,
                                                </a>

                                                <a href="/uzeniny-a-lahudky/uzeniny/salamy">
                                                    Salámy,
                                                </a>

                                                <a href="/uzeniny-a-lahudky/uzeniny/parky-a-spekacky">
                                                    Párky a špekáčky,
                                                </a>

                                                <a href="/uzeniny-a-lahudky/uzeniny/klobasy">
                                                    Klobásy,
                                                </a>

                                                <a href="/uzeniny-a-lahudky/uzeniny/uzena-masa">
                                                    Uzená  masa,
                                                </a>





                                        <a href="/uzeniny-a-lahudky/uzeniny">...</a>
                                    </div>
                                </div>
                                <div class="product-type">
                                    <a href="/uzeniny-a-lahudky/lahudky" class="product-type-image">
                                        <img data-src="https://cdn.kosik.cz/content/category/svg/menu/1062.svg" alt="Lahůdky">
                                    </a>
                                    <h3>
                                        <a class="children" href="/uzeniny-a-lahudky/lahudky">
                                            Lahůdky
                                        </a>
                                    </h3>

                                                                        <div class="categories-container">

                                                <a href="/uzeniny-a-lahudky/lahudky/hotova-jidla">
                                                    Hotová jídla,
                                                </a>

                                                <a href="/uzeniny-a-lahudky/lahudky/hotova-testa">
                                                    Hotová těsta,
                                                </a>


                                                <a href="/uzeniny-a-lahudky/lahudky/chlazene-pastiky">
                                                    Chlazené paštiky,
                                                </a>


                                                <a href="/uzeniny-a-lahudky/lahudky/rybi-speciality">
                                                    Rybí speciality,
                                                </a>



                                        <a href="/uzeniny-a-lahudky/lahudky">...</a>
                                    </div>
                                </div>
                            </div>
                        </div>
                    </div>
                </li>
                <li class="sub with-children"
                    data-open="false">
                    <a href="/mrazene">
                        Mražené
                    </a>
                        <span class="category-toggle-sub mobile-small-nav-show"
                              onclick="this.parentNode.classList.toggle('open')">
							<i class="fa fa-angle-down" aria-hidden="true"></i>
						</span>
                    <div class="block block-droped-category">
                        <div class="block-droped-category-inner">
                            <div class="category-product-list">

                                                                <div class="product-type">
                                    <a href="/mrazene/hotova-jidla" class="product-type-image">
                                        <img data-src="https://cdn.kosik.cz/content/category/svg/menu/1084.svg" alt="Hotová jídla">
                                    </a>
                                    <h3>
                                        <a class="children" href="/mrazene/hotova-jidla">
                                            Hotová jídla
                                        </a>
                                    </h3>

                                                                        <div class="categories-container">

                                                <a href="/mrazene/hotova-jidla/hlavni-jidla">
                                                    Hlavní jídla,
                                                </a>

                                                <a href="/mrazene/hotova-jidla/bezmasa-jidla">
                                                    Bezmasá jídla,
                                                </a>

                                                <a href="/mrazene/hotova-jidla/pizza">
                                                    Pizza,
                                                </a>

                                                <a href="/mrazene/hotova-jidla/obalovana">
                                                    Obalovaná,
                                                </a>

                                                <a href="/mrazene/hotova-jidla/ostatni">
                                                    Ostatní,
                                                </a>
                                        <a href="/mrazene/hotova-jidla">...</a>
                                    </div>
                                </div>
                                <div class="product-type">
                                    <a href="/mrazene/hranolky-a-krokety" class="product-type-image">
                                        <img data-src="https://cdn.kosik.cz/content/category/svg/menu/1089.svg" alt="Hranolky a krokety">
                                    </a>
                                    <h3>
                                        <a class="children" href="/mrazene/hranolky-a-krokety">
                                            Hranolky a krokety
                                        </a>
                                    </h3>

                                                                        <div class="categories-container">

                                                <a href="/mrazene/hranolky-a-krokety/hranolky">
                                                    Hranolky,
                                                </a>

                                                <a href="/mrazene/hranolky-a-krokety/krokety">
                                                    Krokety,
                                                </a>

                                                <a href="/mrazene/hranolky-a-krokety/zeleninove-hranolky">
                                                    Zeleninové hranolky,
                                                </a>

                                                <a href="/mrazene/hranolky-a-krokety/do-trouby">
                                                    Do trouby,
                                                </a>

                                        <a href="/mrazene/hranolky-a-krokety">...</a>
                                    </div>
                                </div>
                                <div class="product-type">
                                    <a href="/mrazene/zelenina-a-ovoce" class="product-type-image">
                                        <img data-src="https://cdn.kosik.cz/content/category/svg/menu/1097.svg" alt="Zelenina a ovoce">
                                    </a>
                                    <h3>
                                        <a class="children" href="/mrazene/zelenina-a-ovoce">
                                            Zelenina a ovoce
                                        </a>
                                    </h3>

                                                                        <div class="categories-container">

                                                <a href="/mrazene/zelenina-a-ovoce/spenat">
                                                    Špenát,
                                                </a>

                                                <a href="/mrazene/zelenina-a-ovoce/zelenina-jednodruhova">
                                                    Zelenina jednodruhová,
                                                </a>

                                                <a href="/mrazene/zelenina-a-ovoce/zeleninove-smesi">
                                                    Zeleninové směsi,
                                                </a>


                                                <a href="/mrazene/zelenina-a-ovoce/ovocne-smesi">
                                                    Ovocné směsi,
                                                </a>


                                        <a href="/mrazene/zelenina-a-ovoce">...</a>
                                    </div>
                                </div>
                                <div class="product-type">
                                    <a href="/mrazene/mrazene-maso-drubez-a-ryby" class="product-type-image">
                                        <img data-src="https://cdn.kosik.cz/content/category/svg/menu/1091.svg" alt="Mražené maso, drůbež a ryby">
                                    </a>
                                    <h3>
                                        <a class="children" href="/mrazene/mrazene-maso-drubez-a-ryby">
                                            Mražené maso, drůbež a ryby
                                        </a>
                                    </h3>

                                                                        <div class="categories-container">

                                                <a href="/mrazene/mrazene-maso-drubez-a-ryby/mrazena-drubez">
                                                    Mražená drůbež,
                                                </a>

                                                <a href="/mrazene/mrazene-maso-drubez-a-ryby/mrazene-maso">
                                                    Mražené maso,
                                                </a>

                                                <a href="/mrazene/mrazene-maso-drubez-a-ryby/mrazene-ryby">
                                                    Mražené ryby,
                                                </a>

                                        <a href="/mrazene/mrazene-maso-drubez-a-ryby">...</a>
                                    </div>
                                </div>
                                <div class="product-type">
                                    <a href="/mrazene/mrazene-pecivo-a-testo" class="product-type-image">
                                        <img data-src="https://cdn.kosik.cz/content/category/svg/menu/1096.svg" alt="Mražené pečivo a těsto">
                                    </a>
                                    <h3>
                                        <a class="children" href="/mrazene/mrazene-pecivo-a-testo">
                                            Mražené pečivo a těsto
                                        </a>
                                    </h3>

                                                                        <div class="categories-container">

                                                <a href="/mrazene/mrazene-pecivo-a-testo/pecivo-slane">
                                                    Pečivo slané,
                                                </a>

                                                <a href="/mrazene/mrazene-pecivo-a-testo/pecivo-sladke">
                                                    Pečivo sladké,
                                                </a>

                                                <a href="/mrazene/mrazene-pecivo-a-testo/testa">
                                                    Těsta,
                                                </a>
                                        <a href="/mrazene/mrazene-pecivo-a-testo">...</a>
                                    </div>
                                </div>
                                <div class="product-type">
                                    <a href="/mrazene/kolace-a-dorty" class="product-type-image">
                                        <img data-src="https://cdn.kosik.cz/content/category/svg/menu/1090.svg" alt="Koláče a dorty">
                                    </a>
                                    <h3>
                                        <a class="children" href="/mrazene/kolace-a-dorty">
                                            Koláče a dorty
                                        </a>
                                    </h3>

                                                                        <div class="categories-container">

                                                <a href="/mrazene/kolace-a-dorty/tvarohove">
                                                    Tvarohové,
                                                </a>

                                                <a href="/mrazene/kolace-a-dorty/ovocne">
                                                    Ovocné,
                                                </a>

                                                <a href="/mrazene/kolace-a-dorty/cokoladove">
                                                    Čokoládové,
                                                </a>
                                        <a href="/mrazene/kolace-a-dorty">...</a>
                                    </div>
                                </div>
                                <div class="product-type">
                                    <a href="/mrazene/zmrzliny" class="product-type-image">
                                        <img data-src="https://cdn.kosik.cz/content/category/svg/menu/1102.svg" alt="Zmrzliny">
                                    </a>
                                    <h3>
                                        <a class="children" href="/mrazene/zmrzliny">
                                            Zmrzliny
                                        </a>
                                    </h3>

                                                                        <div class="categories-container">

                                                <a href="/mrazene/zmrzliny/nanuky-a-kornouty">
                                                    Nanuky a kornouty,
                                                </a>

                                                <a href="/mrazene/zmrzliny/vanicky">
                                                    Vaničky,
                                                </a>

                                                <a href="/mrazene/zmrzliny/sorbet">
                                                    Sorbet,
                                                </a>
                                        <a href="/mrazene/zmrzliny">...</a>
                                    </div>
                                </div>
                            </div>
                        </div>
                    </div>
                </li>
                <li class="sub with-children"
                    data-open="false">
                    <a href="/napoje">
                        Nápoje
                    </a>
                        <span class="category-toggle-sub mobile-small-nav-show"
                              onclick="this.parentNode.classList.toggle('open')">
							<i class="fa fa-angle-down" aria-hidden="true"></i>
						</span>
                    <div class="block block-droped-category">
                        <div class="block-droped-category-inner">
                            <div class="category-product-list">

                                                                <div class="product-type">
                                    <a href="/napoje/poctive-piti" class="product-type-image">
                                        <img data-src="https://cdn.kosik.cz/content/category/svg/menu/1929.svg" alt="Poctivé pití">
                                    </a>
                                    <h3>
                                        <a class="children" href="/napoje/poctive-piti">
                                            Poctivé pití
                                        </a>
                                    </h3>

                                                                        <div class="categories-container">

                                                <a href="/napoje/poctive-piti/pivo-a-cider">
                                                    Pivo a cider,
                                                </a>

                                                <a href="/napoje/poctive-piti/limonady">
                                                    Limonády,
                                                </a>

                                                <a href="/napoje/poctive-piti/sirupy">
                                                    Sirupy,
                                                </a>

                                                <a href="/napoje/poctive-piti/mosty">
                                                    Mošty,
                                                </a>

                                                <a href="/napoje/poctive-piti/darkova-baleni">
                                                    Dárková balení,
                                                </a>
                                        <a href="/napoje/poctive-piti">...</a>
                                    </div>
                                </div>
                                <div class="product-type">
                                    <a href="/napoje/mineralni-a-pramenite" class="product-type-image">
                                        <img data-src="https://cdn.kosik.cz/content/category/svg/menu/1180.svg" alt="Minerální a pramenité">
                                    </a>
                                    <h3>
                                        <a class="children" href="/napoje/mineralni-a-pramenite">
                                            Minerální a pramenité
                                        </a>
                                    </h3>

                                                                        <div class="categories-container">

                                                <a href="/napoje/mineralni-a-pramenite/mineralni">
                                                    Minerální,
                                                </a>

                                                <a href="/napoje/mineralni-a-pramenite/pramenite">
                                                    Pramenité,
                                                </a>
                                        <a href="/napoje/mineralni-a-pramenite">...</a>
                                    </div>
                                </div>
                                <div class="product-type">
                                    <a href="/napoje/dzusy-a-detske" class="product-type-image">
                                        <img data-src="https://cdn.kosik.cz/content/category/svg/menu/1152.svg" alt="Džusy a dětské">
                                    </a>
                                    <h3>
                                        <a class="children" href="/napoje/dzusy-a-detske">
                                            Džusy a dětské
                                        </a>
                                    </h3>

                                                                        <div class="categories-container">

                                                <a href="/napoje/dzusy-a-detske/100-dzusy">
                                                    100% džusy,
                                                </a>

                                                <a href="/napoje/dzusy-a-detske/cerstve-dzusy">
                                                    Čerstvé džusy,
                                                </a>

                                                <a href="/napoje/dzusy-a-detske/mosty-a-100-stavy">
                                                    Mošty a 100% šťávy,
                                                </a>

                                                <a href="/napoje/dzusy-a-detske/nektary">
                                                    Nektary,
                                                </a>


                                        <a href="/napoje/dzusy-a-detske">...</a>
                                    </div>
                                </div>
                                <div class="product-type">
                                    <a href="/napoje/limonady-a-ledove-caje" class="product-type-image">
                                        <img data-src="https://cdn.kosik.cz/content/category/svg/menu/1171.svg" alt="Limonády a ledové čaje">
                                    </a>
                                    <h3>
                                        <a class="children" href="/napoje/limonady-a-ledove-caje">
                                            Limonády a ledové čaje
                                        </a>
                                    </h3>

                                                                        <div class="categories-container">

                                                <a href="/napoje/limonady-a-ledove-caje/limonady">
                                                    Limonády,
                                                </a>

                                                <a href="/napoje/limonady-a-ledove-caje/ledove-caje">
                                                    Ledové čaje,
                                                </a>
                                        <a href="/napoje/limonady-a-ledove-caje">...</a>
                                    </div>
                                </div>
                                <div class="product-type">
                                    <a href="/napoje/sirupy-a-koncentraty" class="product-type-image">
                                        <img data-src="https://cdn.kosik.cz/content/category/svg/menu/1207.svg" alt="Sirupy a koncentráty">
                                    </a>
                                    <h3>
                                        <a class="children" href="/napoje/sirupy-a-koncentraty">
                                            Sirupy a koncentráty
                                        </a>
                                    </h3>

                                                                        <div class="categories-container">

                                                <a href="/napoje/sirupy-a-koncentraty/sirupy">
                                                    Sirupy,
                                                </a>

                                                <a href="/napoje/sirupy-a-koncentraty/koncentraty">
                                                    Koncentráty,
                                                </a>

                                                <a href="/napoje/sirupy-a-koncentraty/barmanske-sirupy">
                                                    Barmanské sirupy,
                                                </a>
                                        <a href="/napoje/sirupy-a-koncentraty">...</a>
                                    </div>
                                </div>
                                <div class="product-type">
                                    <a href="/napoje/energy-drinky-iontove" class="product-type-image">
                                        <img data-src="https://cdn.kosik.cz/content/category/svg/menu/1159.svg" alt="Energy drinky, iontové">
                                    </a>
                                    <h3>
                                        <a class="children" href="/napoje/energy-drinky-iontove">
                                            Energy drinky, iontové
                                        </a>
                                    </h3>

                                                                    </div>
                                <div class="product-type">
                                    <a href="/napoje/caj-kava-a-ledova-kava" class="product-type-image">
                                        <img data-src="https://cdn.kosik.cz/content/category/svg/menu/1132.svg" alt="Čaj, káva a ledová káva">
                                    </a>
                                    <h3>
                                        <a class="children" href="/napoje/caj-kava-a-ledova-kava">
                                            Čaj, káva a ledová káva
                                        </a>
                                    </h3>

                                                                        <div class="categories-container">

                                                <a href="/napoje/caj-kava-a-ledova-kava/caj">
                                                    Čaj,
                                                </a>

                                                <a href="/napoje/caj-kava-a-ledova-kava/kava">
                                                    Káva,
                                                </a>

                                                <a href="/napoje/caj-kava-a-ledova-kava/ledova-kava">
                                                    Ledová káva,
                                                </a>
                                        <a href="/napoje/caj-kava-a-ledova-kava">...</a>
                                    </div>
                                </div>
                                <div class="product-type">
                                    <a href="/napoje/kakaa-cokolady-a-rozpustne" class="product-type-image">
                                        <img data-src="https://cdn.kosik.cz/content/category/svg/menu/1162.svg" alt="Kakaa, čokolády a rozpustné">
                                    </a>
                                    <h3>
                                        <a class="children" href="/napoje/kakaa-cokolady-a-rozpustne">
                                            Kakaa, čokolády a rozpustné
                                        </a>
                                    </h3>

                                                                        <div class="categories-container">


                                                <a href="/napoje/kakaa-cokolady-a-rozpustne/instantni-napoje">
                                                    Instantní nápoje,
                                                </a>

                                                <a href="/napoje/kakaa-cokolady-a-rozpustne/rozpustne-kavoviny">
                                                    Rozpustné kávoviny,
                                                </a>
                                        <a href="/napoje/kakaa-cokolady-a-rozpustne">...</a>
                                    </div>
                                </div>
                                <div class="product-type">
                                    <a href="/napoje/pivo" class="product-type-image">
                                        <img data-src="https://cdn.kosik.cz/content/category/svg/menu/1188.svg" alt="Pivo">
                                    </a>
                                    <h3>
                                        <a class="children" href="/napoje/pivo">
                                            Pivo
                                        </a>
                                    </h3>

                                                                        <div class="categories-container">

                                                <a href="/napoje/pivo/vycepni">
                                                    Výčepní,
                                                </a>

                                                <a href="/napoje/pivo/lezak">
                                                    Ležák,
                                                </a>

                                                <a href="/napoje/pivo/nealko">
                                                    Nealko,
                                                </a>

                                                <a href="/napoje/pivo/ale">
                                                    Ale,
                                                </a>

                                                <a href="/napoje/pivo/ochucene">
                                                    Ochucené,
                                                </a>

                                                <a href="/napoje/pivo/cider">
                                                    Cider,
                                                </a>

                                                <a href="/napoje/pivo/tmave">
                                                    Tmavé,
                                                </a>

                                                <a href="/napoje/pivo/psenicne">
                                                    Pšeničné,
                                                </a>



                                                <a href="/napoje/pivo/sudove">
                                                    Sudové,
                                                </a>


                                        <a href="/napoje/pivo">...</a>
                                    </div>
                                </div>
                                <div class="product-type">
                                    <a href="/napoje/vina" class="product-type-image">
                                        <img data-src="https://cdn.kosik.cz/content/category/svg/menu/1119.svg" alt="Vína">
                                    </a>
                                    <h3>
                                        <a class="children" href="/napoje/vina">
                                            Vína
                                        </a>
                                    </h3>

                                                                        <div class="categories-container">

                                                <a href="/napoje/vina/bila">
                                                    Bílá,
                                                </a>

                                                <a href="/napoje/vina/cervena">
                                                    Červená,
                                                </a>

                                                <a href="/napoje/vina/ruzova">
                                                    Řůžová,
                                                </a>

                                                <a href="/napoje/vina/sumiva-a-sampanske">
                                                    Šumivá a šampaňské,
                                                </a>
                                        <a href="/napoje/vina">...</a>
                                    </div>
                                </div>
                                <div class="product-type">
                                    <a href="/napoje/lihoviny" class="product-type-image">
                                        <img data-src="https://cdn.kosik.cz/content/category/svg/menu/1108.svg" alt="Lihoviny">
                                    </a>
                                    <h3>
                                        <a class="children" href="/napoje/lihoviny">
                                            Lihoviny
                                        </a>
                                    </h3>

                                                                        <div class="categories-container">

                                                <a href="/napoje/lihoviny/aperitivy">
                                                    Aperitivy,
                                                </a>

                                                <a href="/napoje/lihoviny/brandy-a-konak">
                                                    Brandy a koňak,
                                                </a>

                                                <a href="/napoje/lihoviny/gin-a-absinth">
                                                    Gin a absinth,
                                                </a>

                                                <a href="/napoje/lihoviny/rum">
                                                    Rum,
                                                </a>

                                                <a href="/napoje/lihoviny/vodka">
                                                    Vodka,
                                                </a>

                                                <a href="/napoje/lihoviny/whisky-a-bourbon">
                                                    Whisky a bourbon,
                                                </a>



                                        <a href="/napoje/lihoviny">...</a>
                                    </div>
                                </div>
                            </div>
                        </div>
                    </div>
                </li>
                <li class="sub with-children"
                    data-open="false">
                    <a href="/trvanlive">
                        Trvanlivé
                    </a>
                        <span class="category-toggle-sub mobile-small-nav-show"
                              onclick="this.parentNode.classList.toggle('open')">
							<i class="fa fa-angle-down" aria-hidden="true"></i>
						</span>
                    <div class="block block-droped-category">
                        <div class="block-droped-category-inner">
                            <div class="category-product-list">

                                                                <div class="product-type">
                                    <a href="/trvanlive/ocet-olej-cukr-sul-a-mouka" class="product-type-image">
                                        <img data-src="https://cdn.kosik.cz/content/category/svg/menu/1270.svg" alt="Ocet, olej, cukr, sůl a mouka">
                                    </a>
                                    <h3>
                                        <a class="children" href="/trvanlive/ocet-olej-cukr-sul-a-mouka">
                                            Ocet, olej, cukr, sůl a mouka
                                        </a>
                                    </h3>

                                                                        <div class="categories-container">

                                                <a href="/trvanlive/ocet-olej-cukr-sul-a-mouka/mouka">
                                                    Mouka,
                                                </a>

                                                <a href="/trvanlive/ocet-olej-cukr-sul-a-mouka/ocet">
                                                    Ocet,
                                                </a>

                                                <a href="/trvanlive/ocet-olej-cukr-sul-a-mouka/olej">
                                                    Olej,
                                                </a>

                                                <a href="/trvanlive/ocet-olej-cukr-sul-a-mouka/cukr">
                                                    Cukr,
                                                </a>

                                                <a href="/trvanlive/ocet-olej-cukr-sul-a-mouka/sul">
                                                    Sůl,
                                                </a>
                                        <a href="/trvanlive/ocet-olej-cukr-sul-a-mouka">...</a>
                                    </div>
                                </div>
                                <div class="product-type">
                                    <a href="/trvanlive/sladkosti" class="product-type-image">
                                        <img data-src="https://cdn.kosik.cz/content/category/svg/menu/1326.svg" alt="Sladkosti">
                                    </a>
                                    <h3>
                                        <a class="children" href="/trvanlive/sladkosti">
                                            Sladkosti
                                        </a>
                                    </h3>

                                                                        <div class="categories-container">

                                                <a href="/trvanlive/sladkosti/tabulkove-cokolady">
                                                    Tabulkové čokolády,
                                                </a>

                                                <a href="/trvanlive/sladkosti/cokoladove-tycinky">
                                                    Čokoládové tyčinky,
                                                </a>

                                                <a href="/trvanlive/sladkosti/bonboniery">
                                                    Bonboniéry,
                                                </a>




                                        <a href="/trvanlive/sladkosti">...</a>
                                    </div>
                                </div>
                                <div class="product-type">
                                    <a href="/trvanlive/ryze-lusteniny-testoviny-a-soja" class="product-type-image">
                                        <img data-src="https://cdn.kosik.cz/content/category/svg/menu/1295.svg" alt="Rýže, luštěniny, těstoviny a sója">
                                    </a>
                                    <h3>
                                        <a class="children" href="/trvanlive/ryze-lusteniny-testoviny-a-soja">
                                            Rýže, luštěniny, těstoviny a sója
                                        </a>
                                    </h3>

                                                                        <div class="categories-container">

                                                <a href="/trvanlive/ryze-lusteniny-testoviny-a-soja/ryze">
                                                    Rýže,
                                                </a>

                                                <a href="/trvanlive/ryze-lusteniny-testoviny-a-soja/lusteniny">
                                                    Luštěniny,
                                                </a>

                                                <a href="/trvanlive/ryze-lusteniny-testoviny-a-soja/testoviny">
                                                    Těstoviny,
                                                </a>
                                        <a href="/trvanlive/ryze-lusteniny-testoviny-a-soja">...</a>
                                    </div>
                                </div>
                                <div class="product-type">
                                    <a href="/trvanlive/slane" class="product-type-image">
                                        <img data-src="https://cdn.kosik.cz/content/category/svg/menu/1319.svg" alt="Slané">
                                    </a>
                                    <h3>
                                        <a class="children" href="/trvanlive/slane">
                                            Slané
                                        </a>
                                    </h3>

                                                                        <div class="categories-container">

                                                <a href="/trvanlive/slane/chipsy">
                                                    Chipsy,
                                                </a>

                                                <a href="/trvanlive/slane/krekry">
                                                    Krekry,
                                                </a>

                                                <a href="/trvanlive/slane/orisky-a-popcorn">
                                                    Oříšky a popcorn,
                                                </a>

                                                <a href="/trvanlive/slane/snacky">
                                                    Snacky,
                                                </a>
                                        <a href="/trvanlive/slane">...</a>
                                    </div>
                                </div>
                                <div class="product-type">
                                    <a href="/trvanlive/kecupy-horcice-kreny-a-protlaky" class="product-type-image">
                                        <img data-src="https://cdn.kosik.cz/content/category/svg/menu/1233.svg" alt="Kečupy, hořčice, křeny a protlaky">
                                    </a>
                                    <h3>
                                        <a class="children" href="/trvanlive/kecupy-horcice-kreny-a-protlaky">
                                            Kečupy, hořčice, křeny a protlaky
                                        </a>
                                    </h3>

                                                                        <div class="categories-container">

                                                <a href="/trvanlive/kecupy-horcice-kreny-a-protlaky/kecupy">
                                                    Kečupy,
                                                </a>

                                                <a href="/trvanlive/kecupy-horcice-kreny-a-protlaky/horcice">
                                                    Hořčice,
                                                </a>

                                                <a href="/trvanlive/kecupy-horcice-kreny-a-protlaky/kreny">
                                                    Křeny,
                                                </a>

                                                <a href="/trvanlive/kecupy-horcice-kreny-a-protlaky/protlaky">
                                                    Protlaky,
                                                </a>
                                        <a href="/trvanlive/kecupy-horcice-kreny-a-protlaky">...</a>
                                    </div>
                                </div>
                                <div class="product-type">
                                    <a href="/trvanlive/konzervovane-potraviny" class="product-type-image">
                                        <img data-src="https://cdn.kosik.cz/content/category/svg/menu/1238.svg" alt="Konzervované potraviny">
                                    </a>
                                    <h3>
                                        <a class="children" href="/trvanlive/konzervovane-potraviny">
                                            Konzervované potraviny
                                        </a>
                                    </h3>

                                                                        <div class="categories-container">

                                                <a href="/trvanlive/konzervovane-potraviny/zelenina">
                                                    Zelenina,
                                                </a>

                                                <a href="/trvanlive/konzervovane-potraviny/ovoce">
                                                    Ovoce,
                                                </a>

                                                <a href="/trvanlive/konzervovane-potraviny/maso-a-hotova-jidla">
                                                    Maso a hotová jídla,
                                                </a>

                                                <a href="/trvanlive/konzervovane-potraviny/pastiky">
                                                    Paštiky,
                                                </a>

                                                <a href="/trvanlive/konzervovane-potraviny/pomazanky">
                                                    Pomazánky,
                                                </a>

                                                <a href="/trvanlive/konzervovane-potraviny/ryby">
                                                    Ryby,
                                                </a>
                                        <a href="/trvanlive/konzervovane-potraviny">...</a>
                                    </div>
                                </div>
                                <div class="product-type">
                                    <a href="/trvanlive/mikulas-a-vanoce" class="product-type-image">
                                        <img data-src="https://cdn.kosik.cz/content/category/svg/menu/1318.svg" alt="Mikuláš a Vánoce">
                                    </a>
                                    <h3>
                                        <a class="children" href="/trvanlive/mikulas-a-vanoce">
                                            Mikuláš a Vánoce
                                        </a>
                                    </h3>

                                                                        <div class="categories-container">

                                                <a href="/trvanlive/mikulas-a-vanoce/vanocni-kolekce">
                                                    Vánoční kolekce,
                                                </a>

                                                <a href="/trvanlive/mikulas-a-vanoce/adventni-kalendare">
                                                    Adventní kalendáře,
                                                </a>

                                                <a href="/trvanlive/mikulas-a-vanoce/bonbony-a-cokolady">
                                                    Bonbóny a čokolády,
                                                </a>

                                        <a href="/trvanlive/mikulas-a-vanoce">...</a>
                                    </div>
                                </div>
                                <div class="product-type">
                                    <a href="/trvanlive/koreni-bujony-ochucovadla" class="product-type-image">
                                        <img data-src="https://cdn.kosik.cz/content/category/svg/menu/1266.svg" alt="Koření, bujóny, ochucovadla">
                                    </a>
                                    <h3>
                                        <a class="children" href="/trvanlive/koreni-bujony-ochucovadla">
                                            Koření, bujóny, ochucovadla
                                        </a>
                                    </h3>

                                                                        <div class="categories-container">

                                                <a href="/trvanlive/koreni-bujony-ochucovadla/koreni">
                                                    Koření,
                                                </a>

                                                <a href="/trvanlive/koreni-bujony-ochucovadla/bujony">
                                                    Bujóny,
                                                </a>

                                                <a href="/trvanlive/koreni-bujony-ochucovadla/ochucovadla">
                                                    Ochucovadla,
                                                </a>
                                        <a href="/trvanlive/koreni-bujony-ochucovadla">...</a>
                                    </div>
                                </div>
                                <div class="product-type">
                                    <a href="/trvanlive/prisady-na-vareni-a-peceni" class="product-type-image">
                                        <img data-src="https://cdn.kosik.cz/content/category/svg/menu/1280.svg" alt="Přísady na vaření a pečení">
                                    </a>
                                    <h3>
                                        <a class="children" href="/trvanlive/prisady-na-vareni-a-peceni">
                                            Přísady na vaření a pečení
                                        </a>
                                    </h3>

                                                                        <div class="categories-container">

                                                <a href="/trvanlive/prisady-na-vareni-a-peceni/prisady-na-peceni">
                                                    Přísady na pečení,
                                                </a>

                                                <a href="/trvanlive/prisady-na-vareni-a-peceni/omacky-v-prasku">
                                                    Omáčky v prášku,
                                                </a>

                                                <a href="/trvanlive/prisady-na-vareni-a-peceni/sladke-smesi">
                                                    Sladké směsi,
                                                </a>

                                                <a href="/trvanlive/prisady-na-vareni-a-peceni/pudinky">
                                                    Pudinky,
                                                </a>




                                        <a href="/trvanlive/prisady-na-vareni-a-peceni">...</a>
                                    </div>
                                </div>
                                <div class="product-type">
                                    <a href="/trvanlive/superfood" class="product-type-image">
                                        <img data-src="https://cdn.kosik.cz/content/category/svg/menu/1313.svg" alt="Superfood">
                                    </a>
                                    <h3>
                                        <a class="children" href="/trvanlive/superfood">
                                            Superfood
                                        </a>
                                    </h3>

                                                                        <div class="categories-container">

                                                <a href="/trvanlive/superfood/snidanove-smesi">
                                                    Snídaňové směsi,
                                                </a>


                                        <a href="/trvanlive/superfood">...</a>
                                    </div>
                                </div>
                                <div class="product-type">
                                    <a href="/trvanlive/dresingy-a-omacky" class="product-type-image">
                                        <img data-src="https://cdn.kosik.cz/content/category/svg/menu/1222.svg" alt="Dresingy a omáčky">
                                    </a>
                                    <h3>
                                        <a class="children" href="/trvanlive/dresingy-a-omacky">
                                            Dresingy a omáčky
                                        </a>
                                    </h3>

                                                                        <div class="categories-container">

                                                <a href="/trvanlive/dresingy-a-omacky/dresingy">
                                                    Dresingy,
                                                </a>

                                                <a href="/trvanlive/dresingy-a-omacky/omacky">
                                                    Omáčky,
                                                </a>
                                        <a href="/trvanlive/dresingy-a-omacky">...</a>
                                    </div>
                                </div>
                                <div class="product-type">
                                    <a href="/trvanlive/cerealie-a-musli" class="product-type-image">
                                        <img data-src="https://cdn.kosik.cz/content/category/svg/menu/1212.svg" alt="Cereálie a musli">
                                    </a>
                                    <h3>
                                        <a class="children" href="/trvanlive/cerealie-a-musli">
                                            Cereálie a musli
                                        </a>
                                    </h3>

                                                                        <div class="categories-container">


                                                <a href="/trvanlive/cerealie-a-musli/musli-a-ovesne-kase">
                                                    Musli a ovesné kaše,
                                                </a>

                                                <a href="/trvanlive/cerealie-a-musli/tycinky">
                                                    Tyčinky,
                                                </a>
                                        <a href="/trvanlive/cerealie-a-musli">...</a>
                                    </div>
                                </div>
                                <div class="product-type">
                                    <a href="/trvanlive/dzemy-medy-a-cokokremy" class="product-type-image">
                                        <img data-src="https://cdn.kosik.cz/content/category/svg/menu/1225.svg" alt="Džemy, medy a čokokrémy">
                                    </a>
                                    <h3>
                                        <a class="children" href="/trvanlive/dzemy-medy-a-cokokremy">
                                            Džemy, medy a čokokrémy
                                        </a>
                                    </h3>

                                                                        <div class="categories-container">

                                                <a href="/trvanlive/dzemy-medy-a-cokokremy/dzemy">
                                                    Džemy,
                                                </a>

                                                <a href="/trvanlive/dzemy-medy-a-cokokremy/medy">
                                                    Medy,
                                                </a>

                                                <a href="/trvanlive/dzemy-medy-a-cokokremy/cokokremy">
                                                    Čokokrémy,
                                                </a>

                                                <a href="/trvanlive/dzemy-medy-a-cokokremy/burakove-maslo">
                                                    Burákové máslo,
                                                </a>
                                        <a href="/trvanlive/dzemy-medy-a-cokokremy">...</a>
                                    </div>
                                </div>
                                <div class="product-type">
                                    <a href="/trvanlive/instantni-jidla-a-polevky" class="product-type-image">
                                        <img data-src="https://cdn.kosik.cz/content/category/svg/menu/1230.svg" alt="Instantní jídla a polévky">
                                    </a>
                                    <h3>
                                        <a class="children" href="/trvanlive/instantni-jidla-a-polevky">
                                            Instantní jídla a polévky
                                        </a>
                                    </h3>

                                                                        <div class="categories-container">

                                                <a href="/trvanlive/instantni-jidla-a-polevky/instantni-jidla">
                                                    Instantní jídla,
                                                </a>

                                                <a href="/trvanlive/instantni-jidla-a-polevky/instantni-polevky">
                                                    Instantní polévky,
                                                </a>
                                        <a href="/trvanlive/instantni-jidla-a-polevky">...</a>
                                    </div>
                                </div>
                                <div class="product-type">
                                    <a href="/trvanlive/mezinarodni-kuchyne" class="product-type-image">
                                        <img data-src="https://cdn.kosik.cz/content/category/svg/menu/1261.svg" alt="Mezinárodní kuchyně">
                                    </a>
                                    <h3>
                                        <a class="children" href="/trvanlive/mezinarodni-kuchyne">
                                            Mezinárodní kuchyně
                                        </a>
                                    </h3>

                                                                        <div class="categories-container">

                                                <a href="/trvanlive/mezinarodni-kuchyne/asijska">
                                                    Asijská,
                                                </a>

                                                <a href="/trvanlive/mezinarodni-kuchyne/mexicka">
                                                    Mexická,
                                                </a>

                                                <a href="/trvanlive/mezinarodni-kuchyne/stredomorska">
                                                    Středomořská,
                                                </a>

                                                <a href="/trvanlive/mezinarodni-kuchyne/thajska">
                                                    Thajská,
                                                </a>
                                        <a href="/trvanlive/mezinarodni-kuchyne">...</a>
                                    </div>
                                </div>
                            </div>
                        </div>
                    </div>
                </li>
                <li class="sub with-children"
                    data-open="false">
                    <a href="/mazlicci">
                        Mazlíčci
                    </a>
                        <span class="category-toggle-sub mobile-small-nav-show"
                              onclick="this.parentNode.classList.toggle('open')">
							<i class="fa fa-angle-down" aria-hidden="true"></i>
						</span>
                    <div class="block block-droped-category">
                        <div class="block-droped-category-inner">
                            <div class="category-product-list">

                                                                <div class="product-type">
                                    <a href="/mazlicci/kocky" class="product-type-image">
                                        <img data-src="https://cdn.kosik.cz/content/category/svg/menu/1579.svg" alt="Kočky">
                                    </a>
                                    <h3>
                                        <a class="children" href="/mazlicci/kocky">
                                            Kočky
                                        </a>
                                    </h3>

                                                                        <div class="categories-container">


                                                <a href="/mazlicci/kocky/konzervy-pro-kocky">
                                                    Konzervy pro kočky,
                                                </a>

                                                <a href="/mazlicci/kocky/kapsicky-pro-kocky">
                                                    Kapsičky pro kočky,
                                                </a>


                                                <a href="/mazlicci/kocky/hracky-pro-kocky">
                                                    Hračky pro kočky,
                                                </a>

                                                <a href="/mazlicci/kocky/steliva">
                                                    Steliva,
                                                </a>
                                        <a href="/mazlicci/kocky">...</a>
                                    </div>
                                </div>
                                <div class="product-type">
                                    <a href="/mazlicci/psi" class="product-type-image">
                                        <img data-src="https://cdn.kosik.cz/content/category/svg/menu/1580.svg" alt="Psi">
                                    </a>
                                    <h3>
                                        <a class="children" href="/mazlicci/psi">
                                            Psi
                                        </a>
                                    </h3>

                                                                        <div class="categories-container">

                                                <a href="/mazlicci/psi/granule-a-smesi-pro-psy">
                                                    Granule a směsi pro psy,
                                                </a>

                                                <a href="/mazlicci/psi/konzervy-pro-psy">
                                                    Konzervy pro psy,
                                                </a>


                                                <a href="/mazlicci/psi/hracky-a-pleny-pro-psy">
                                                    Hračky a pleny pro psy,
                                                </a>

                                        <a href="/mazlicci/psi">...</a>
                                    </div>
                                </div>
                                <div class="product-type">
                                    <a href="/mazlicci/hlodavci" class="product-type-image">
                                        <img data-src="https://cdn.kosik.cz/content/category/svg/menu/1364.svg" alt="Hlodavci">
                                    </a>
                                    <h3>
                                        <a class="children" href="/mazlicci/hlodavci">
                                            Hlodavci
                                        </a>
                                    </h3>

                                                                        <div class="categories-container">

                                                <a href="/mazlicci/hlodavci/krmiva">
                                                    Krmiva,
                                                </a>

                                                <a href="/mazlicci/hlodavci/steliva">
                                                    Steliva,
                                                </a>
                                        <a href="/mazlicci/hlodavci">...</a>
                                    </div>
                                </div>
                                <div class="product-type">
                                    <a href="/mazlicci/ptactvo" class="product-type-image">
                                        <img data-src="https://cdn.kosik.cz/content/category/svg/menu/1367.svg" alt="Ptactvo">
                                    </a>
                                    <h3>
                                        <a class="children" href="/mazlicci/ptactvo">
                                            Ptactvo
                                        </a>
                                    </h3>

                                                                    </div>
                            </div>
                        </div>
                    </div>
                </li>
                <li class="sub with-children"
                    data-open="false">
                    <a href="/deti">
                        Děti
                    </a>
                        <span class="category-toggle-sub mobile-small-nav-show"
                              onclick="this.parentNode.classList.toggle('open')">
							<i class="fa fa-angle-down" aria-hidden="true"></i>
						</span>
                    <div class="block block-droped-category">
                        <div class="block-droped-category-inner">
                            <div class="category-product-list">

                                                                <div class="product-type">
                                    <a href="/deti/detska-kosmetika" class="product-type-image">
                                        <img data-src="https://cdn.kosik.cz/content/category/svg/menu/1370.svg" alt="Dětská kosmetika">
                                    </a>
                                    <h3>
                                        <a class="children" href="/deti/detska-kosmetika">
                                            Dětská kosmetika
                                        </a>
                                    </h3>

                                                                        <div class="categories-container">


                                                <a href="/deti/detska-kosmetika/detske-kremy-a-oleje">
                                                    Dětské krémy a oleje,
                                                </a>


                                                <a href="/deti/detska-kosmetika/zubni-hygiena">
                                                    Zubní hygiena,
                                                </a>
                                        <a href="/deti/detska-kosmetika">...</a>
                                    </div>
                                </div>
                                <div class="product-type">
                                    <a href="/deti/jednorazove-pleny" class="product-type-image">
                                        <img data-src="https://cdn.kosik.cz/content/category/svg/menu/1592.svg" alt="Jednorázové pleny">
                                    </a>
                                    <h3>
                                        <a class="children" href="/deti/jednorazove-pleny">
                                            Jednorázové pleny
                                        </a>
                                    </h3>

                                                                        <div class="categories-container">

                                                <a href="/deti/jednorazove-pleny/velikost-1">
                                                    Velikost 1,
                                                </a>

                                                <a href="/deti/jednorazove-pleny/velikost-2">
                                                    Velikost 2,
                                                </a>

                                                <a href="/deti/jednorazove-pleny/velikost-3">
                                                    Velikost 3,
                                                </a>

                                                <a href="/deti/jednorazove-pleny/velikost-4">
                                                    Velikost 4,
                                                </a>

                                                <a href="/deti/jednorazove-pleny/velikost-5">
                                                    Velikost 5,
                                                </a>

                                                <a href="/deti/jednorazove-pleny/velikost-6">
                                                    Velikost 6,
                                                </a>
                                        <a href="/deti/jednorazove-pleny">...</a>
                                    </div>
                                </div>
                                <div class="product-type">
                                    <a href="/deti/eko" class="product-type-image">
                                        <img data-src="https://cdn.kosik.cz/content/category/svg/menu/1599.svg" alt="Eko">
                                    </a>
                                    <h3>
                                        <a class="children" href="/deti/eko">
                                            Eko
                                        </a>
                                    </h3>

                                                                        <div class="categories-container">

                                                <a href="/deti/eko/bio-pleny">
                                                    bio pleny,
                                                </a>
                                        <a href="/deti/eko">...</a>
                                    </div>
                                </div>
                                <div class="product-type">
                                    <a href="/deti/latkove-pleny" class="product-type-image">
                                        <img data-src="https://cdn.kosik.cz/content/category/svg/menu/1607.svg" alt="Látkové pleny">
                                    </a>
                                    <h3>
                                        <a class="children" href="/deti/latkove-pleny">
                                            Látkové pleny
                                        </a>
                                    </h3>

                                                                    </div>
                                <div class="product-type">
                                    <a href="/deti/prebalovaci-podlozky-a-vlhcene-ubrousky" class="product-type-image">
                                        <img data-src="https://cdn.kosik.cz/content/category/svg/menu/1608.svg" alt="Přebalovací podložky a vlhčené ubrousky">
                                    </a>
                                    <h3>
                                        <a class="children" href="/deti/prebalovaci-podlozky-a-vlhcene-ubrousky">
                                            Přebalovací podložky a vlhčené ubrousky
                                        </a>
                                    </h3>

                                                                    </div>
                                <div class="product-type">
                                    <a href="/deti/kojenecke-mleko-a-vyziva" class="product-type-image">
                                        <img data-src="https://cdn.kosik.cz/content/category/svg/menu/1609.svg" alt="Kojenecké mléko a výživa">
                                    </a>
                                    <h3>
                                        <a class="children" href="/deti/kojenecke-mleko-a-vyziva">
                                            Kojenecké mléko a výživa
                                        </a>
                                    </h3>

                                                                        <div class="categories-container">

                                                <a href="/deti/kojenecke-mleko-a-vyziva/bio-vyziva">
                                                    BIO výživa,
                                                </a>

                                                <a href="/deti/kojenecke-mleko-a-vyziva/kojenecka-mleka">
                                                    Kojenecká mléka,
                                                </a>

                                                <a href="/deti/kojenecke-mleko-a-vyziva/detske-kase">
                                                    Dětské kaše,
                                                </a>

                                                <a href="/deti/kojenecke-mleko-a-vyziva/kojenecke-prikrmy">
                                                    Kojenecké příkrmy,
                                                </a>

                                        <a href="/deti/kojenecke-mleko-a-vyziva">...</a>
                                    </div>
                                </div>
                                <div class="product-type">
                                    <a href="/deti/kojenecke-vody-a-napoje" class="product-type-image">
                                        <img data-src="https://cdn.kosik.cz/content/category/svg/menu/1619.svg" alt="Kojenecké vody a nápoje">
                                    </a>
                                    <h3>
                                        <a class="children" href="/deti/kojenecke-vody-a-napoje">
                                            Kojenecké vody a nápoje
                                        </a>
                                    </h3>

                                                                        <div class="categories-container">

                                                <a href="/deti/kojenecke-vody-a-napoje/vody">
                                                    Vody,
                                                </a>

                                                <a href="/deti/kojenecke-vody-a-napoje/caje">
                                                    Čaje,
                                                </a>

                                                <a href="/deti/kojenecke-vody-a-napoje/stavy">
                                                    Šťávy,
                                                </a>
                                        <a href="/deti/kojenecke-vody-a-napoje">...</a>
                                    </div>
                                </div>
                                <div class="product-type">
                                    <a href="/deti/hracky" class="product-type-image">
                                        <img data-src="https://cdn.kosik.cz/content/category/svg/menu/1373.svg" alt="Hračky">
                                    </a>
                                    <h3>
                                        <a class="children" href="/deti/hracky">
                                            Hračky
                                        </a>
                                    </h3>

                                                                        <div class="categories-container">

                                                <a href="/deti/hracky/hracky-pro-nejmensi">
                                                    Hračky pro nejmenší,
                                                </a>

                                        <a href="/deti/hracky">...</a>
                                    </div>
                                </div>
                                <div class="product-type">
                                    <a href="/deti/hry" class="product-type-image">
                                        <img data-src="https://cdn.kosik.cz/content/category/svg/menu/1376.svg" alt="Hry">
                                    </a>
                                    <h3>
                                        <a class="children" href="/deti/hry">
                                            Hry
                                        </a>
                                    </h3>

                                                                    </div>
                                <div class="product-type">
                                    <a href="/deti/kojenecke-potreby" class="product-type-image">
                                        <img data-src="https://cdn.kosik.cz/content/category/svg/menu/1377.svg" alt="Kojenecké potřeby">
                                    </a>
                                    <h3>
                                        <a class="children" href="/deti/kojenecke-potreby">
                                            Kojenecké potřeby
                                        </a>
                                    </h3>

                                                                        <div class="categories-container">

                                                <a href="/deti/kojenecke-potreby/lahve-a-dudliky">
                                                    Láhve a dudlíky,
                                                </a>

                                                <a href="/deti/kojenecke-potreby/potreby-na-kocarek">
                                                    Potřeby na kočárek,
                                                </a>

                                                <a href="/deti/kojenecke-potreby/osusky-a-bryndacky">
                                                    Osušky a bryndáčky,
                                                </a>

                                        <a href="/deti/kojenecke-potreby">...</a>
                                    </div>
                                </div>
                                <div class="product-type">
                                    <a href="/deti/tehotenstvi-kojeni" class="product-type-image">
                                        <img data-src="https://cdn.kosik.cz/content/category/svg/menu/1382.svg" alt="Těhotenství, kojení">
                                    </a>
                                    <h3>
                                        <a class="children" href="/deti/tehotenstvi-kojeni">
                                            Těhotenství, kojení
                                        </a>
                                    </h3>

                                                                        <div class="categories-container">

                                                <a href="/deti/tehotenstvi-kojeni/vyziva">
                                                    Výživa,
                                                </a>

                                                <a href="/deti/tehotenstvi-kojeni/napoje-pro-maminky">
                                                    Nápoje pro maminky,
                                                </a>

                                        <a href="/deti/tehotenstvi-kojeni">...</a>
                                    </div>
                                </div>
                                <div class="product-type">
                                    <a href="/deti/potreby-pro-skolaky" class="product-type-image">
                                        <img data-src="https://cdn.kosik.cz/content/category/svg/menu/1386.svg" alt="Potřeby pro školáky">
                                    </a>
                                    <h3>
                                        <a class="children" href="/deti/potreby-pro-skolaky">
                                            Potřeby pro školáky
                                        </a>
                                    </h3>

                                                                        <div class="categories-container">

                                                <a href="/deti/potreby-pro-skolaky/psaci-potreby">
                                                    Psací potřeby,
                                                </a>

                                                <a href="/deti/potreby-pro-skolaky/vytvarne-potreby">
                                                    Výtvarné potřeby,
                                                </a>

                                                <a href="/deti/potreby-pro-skolaky/sacky-na-backurky">
                                                    Sáčky na bačkůrky,
                                                </a>
                                        <a href="/deti/potreby-pro-skolaky">...</a>
                                    </div>
                                </div>
                            </div>
                        </div>
                    </div>
                </li>
                <li class="sub with-children"
                    data-open="false">
                    <a href="/domacnost-a-zahrada">
                        Domácnost a zahrada
                    </a>
                        <span class="category-toggle-sub mobile-small-nav-show"
                              onclick="this.parentNode.classList.toggle('open')">
							<i class="fa fa-angle-down" aria-hidden="true"></i>
						</span>
                    <div class="block block-droped-category">
                        <div class="block-droped-category-inner">
                            <div class="category-product-list">

                                                                <div class="product-type">
                                    <a href="/domacnost-a-zahrada/kuchyne" class="product-type-image">
                                        <img data-src="https://cdn.kosik.cz/content/category/svg/menu/1391.svg" alt="Kuchyně">
                                    </a>
                                    <h3>
                                        <a class="children" href="/domacnost-a-zahrada/kuchyne">
                                            Kuchyně
                                        </a>
                                    </h3>

                                                                        <div class="categories-container">

                                                <a href="/domacnost-a-zahrada/kuchyne/pytle-do-kosu-a-kose">
                                                    Pytle do košů a koše,
                                                </a>

                                                <a href="/domacnost-a-zahrada/kuchyne/stolovani">
                                                    Stolování,
                                                </a>

                                                <a href="/domacnost-a-zahrada/kuchyne/kuchynske-potreby">
                                                    Kuchyňské potřeby,
                                                </a>

                                        <a href="/domacnost-a-zahrada/kuchyne">...</a>
                                    </div>
                                </div>
                                <div class="product-type">
                                    <a href="/domacnost-a-zahrada/vanoce-sezonni-dekorace" class="product-type-image">
                                        <img data-src="https://cdn.kosik.cz/content/category/svg/menu/1451.svg" alt="Vánoce - sezonní dekorace">
                                    </a>
                                    <h3>
                                        <a class="children" href="/domacnost-a-zahrada/vanoce-sezonni-dekorace">
                                            Vánoce - sezonní dekorace
                                        </a>
                                    </h3>

                                                                    </div>
                                <div class="product-type">
                                    <a href="/domacnost-a-zahrada/dum-a-byt" class="product-type-image">
                                        <img data-src="https://cdn.kosik.cz/content/category/svg/menu/1405.svg" alt="Dům a byt">
                                    </a>
                                    <h3>
                                        <a class="children" href="/domacnost-a-zahrada/dum-a-byt">
                                            Dům a byt
                                        </a>
                                    </h3>

                                                                        <div class="categories-container">

                                                <a href="/domacnost-a-zahrada/dum-a-byt/pomucky-k-uklidu">
                                                    Pomůcky k úklidu,
                                                </a>

                                                <a href="/domacnost-a-zahrada/dum-a-byt/domaci-textil">
                                                    Domácí textil,
                                                </a>


                                                <a href="/domacnost-a-zahrada/dum-a-byt/svicky-a-vune">
                                                    Svíčky a vůně,
                                                </a>


                                                <a href="/domacnost-a-zahrada/dum-a-byt/pece-o-obuv">
                                                    Péče o obuv,
                                                </a>

                                        <a href="/domacnost-a-zahrada/dum-a-byt">...</a>
                                    </div>
                                </div>
                                <div class="product-type">
                                    <a href="/domacnost-a-zahrada/kucharky" class="product-type-image">
                                        <img data-src="https://cdn.kosik.cz/content/category/svg/menu/1438.svg" alt="Kuchařky">
                                    </a>
                                    <h3>
                                        <a class="children" href="/domacnost-a-zahrada/kucharky">
                                            Kuchařky
                                        </a>
                                    </h3>

                                                                    </div>
                                <div class="product-type">
                                    <a href="/domacnost-a-zahrada/zahrada" class="product-type-image">
                                        <img data-src="https://cdn.kosik.cz/content/category/svg/menu/1427.svg" alt="Zahrada">
                                    </a>
                                    <h3>
                                        <a class="children" href="/domacnost-a-zahrada/zahrada">
                                            Zahrada
                                        </a>
                                    </h3>

                                                                        <div class="categories-container">



                                                <a href="/domacnost-a-zahrada/zahrada/semena">
                                                    Semena,
                                                </a>

                                                <a href="/domacnost-a-zahrada/zahrada/doplnky">
                                                    Doplňky,
                                                </a>

                                                <a href="/domacnost-a-zahrada/zahrada/bazenova-chemie">
                                                    Bazénová chemie,
                                                </a>
                                        <a href="/domacnost-a-zahrada/zahrada">...</a>
                                    </div>
                                </div>
                                <div class="product-type">
                                    <a href="/domacnost-a-zahrada/grilovani" class="product-type-image">
                                        <img data-src="https://cdn.kosik.cz/content/category/svg/menu/1439.svg" alt="Grilování">
                                    </a>
                                    <h3>
                                        <a class="children" href="/domacnost-a-zahrada/grilovani">
                                            Grilování
                                        </a>
                                    </h3>

                                                                        <div class="categories-container">

                                                <a href="/domacnost-a-zahrada/grilovani/grily">
                                                    Grily,
                                                </a>


                                        <a href="/domacnost-a-zahrada/grilovani">...</a>
                                    </div>
                                </div>
                                <div class="product-type">
                                    <a href="/domacnost-a-zahrada/kancelar" class="product-type-image">
                                        <img data-src="https://cdn.kosik.cz/content/category/svg/menu/1393.svg" alt="Kancelář">
                                    </a>
                                    <h3>
                                        <a class="children" href="/domacnost-a-zahrada/kancelar">
                                            Kancelář
                                        </a>
                                    </h3>

                                                                        <div class="categories-container">

                                                <a href="/domacnost-a-zahrada/kancelar/kancelarske-potreby">
                                                    Kancelářské potřeby,
                                                </a>

                                                <a href="/domacnost-a-zahrada/kancelar/papirnictvi">
                                                    Papírnictví,
                                                </a>

                                                <a href="/domacnost-a-zahrada/kancelar/trideni-archivace">
                                                    Třídění, archivace,
                                                </a>
                                        <a href="/domacnost-a-zahrada/kancelar">...</a>
                                    </div>
                                </div>
                                <div class="product-type">
                                    <a href="/domacnost-a-zahrada/lekarna" class="product-type-image">
                                        <img data-src="https://cdn.kosik.cz/content/category/svg/menu/1398.svg" alt="Lékárna">
                                    </a>
                                    <h3>
                                        <a class="children" href="/domacnost-a-zahrada/lekarna">
                                            Lékárna
                                        </a>
                                    </h3>

                                                                        <div class="categories-container">

                                                <a href="/domacnost-a-zahrada/lekarna/vyziva-a-hubnuti">
                                                    Výživa a hubnutí,
                                                </a>


                                                <a href="/domacnost-a-zahrada/lekarna/vyziva-pro-sportovce">
                                                    Výživa pro sportovce,
                                                </a>

                                                <a href="/domacnost-a-zahrada/lekarna/myti-bez-vody">
                                                    Mytí bez vody,
                                                </a>




                                        <a href="/domacnost-a-zahrada/lekarna">...</a>
                                    </div>
                                </div>
                                <div class="product-type">
                                    <a href="/domacnost-a-zahrada/fitness" class="product-type-image">
                                        <img data-src="https://cdn.kosik.cz/content/category/svg/menu/1403.svg" alt="Fitness">
                                    </a>
                                    <h3>
                                        <a class="children" href="/domacnost-a-zahrada/fitness">
                                            Fitness
                                        </a>
                                    </h3>

                                                                        <div class="categories-container">

                                                <a href="/domacnost-a-zahrada/fitness/sportovni-vyziva">
                                                    Sportovní výživa,
                                                </a>
                                        <a href="/domacnost-a-zahrada/fitness">...</a>
                                    </div>
                                </div>
                            </div>
                        </div>
                    </div>
                </li>
                <li class="sub with-children"
                    data-open="false">
                    <a href="/drogerie">
                        Drogerie
                    </a>
                        <span class="category-toggle-sub mobile-small-nav-show"
                              onclick="this.parentNode.classList.toggle('open')">
							<i class="fa fa-angle-down" aria-hidden="true"></i>
						</span>
                    <div class="block block-droped-category">
                        <div class="block-droped-category-inner">
                            <div class="category-product-list">

                                                                <div class="product-type">
                                    <a href="/drogerie/pece-o-telo" class="product-type-image">
                                        <img data-src="https://cdn.kosik.cz/content/category/svg/menu/1531.svg" alt="Péče o tělo">
                                    </a>
                                    <h3>
                                        <a class="children" href="/drogerie/pece-o-telo">
                                            Péče o tělo
                                        </a>
                                    </h3>

                                                                        <div class="categories-container">

                                                <a href="/drogerie/pece-o-telo/telova-mleka-a-kremy">
                                                    Tělová mléka a krémy,
                                                </a>

                                                <a href="/drogerie/pece-o-telo/pece-o-ruce">
                                                    Péče o ruce,
                                                </a>

                                                <a href="/drogerie/pece-o-telo/pece-o-nohy">
                                                    Péče o nohy,
                                                </a>


                                                <a href="/drogerie/pece-o-telo/repelenty">
                                                    Repelenty,
                                                </a>
                                        <a href="/drogerie/pece-o-telo">...</a>
                                    </div>
                                </div>
                                <div class="product-type">
                                    <a href="/drogerie/darkove-sady" class="product-type-image">
                                        <img data-src="https://cdn.kosik.cz/content/category/svg/menu/1571.svg" alt="Dárkové sady">
                                    </a>
                                    <h3>
                                        <a class="children" href="/drogerie/darkove-sady">
                                            Dárkové sady
                                        </a>
                                    </h3>

                                                                        <div class="categories-container">

                                                <a href="/drogerie/darkove-sady/pro-zeny">
                                                    Pro ženy,
                                                </a>

                                                <a href="/drogerie/darkove-sady/pro-muze">
                                                    Pro muže,
                                                </a>

                                                <a href="/drogerie/darkove-sady/pro-deti">
                                                    Pro děti,
                                                </a>

                                                <a href="/drogerie/darkove-sady/unisex">
                                                    Unisex,
                                                </a>
                                        <a href="/drogerie/darkove-sady">...</a>
                                    </div>
                                </div>
                                <div class="product-type">
                                    <a href="/drogerie/praci-prostredky" class="product-type-image">
                                        <img data-src="https://cdn.kosik.cz/content/category/svg/menu/1456.svg" alt="Prací prostředky">
                                    </a>
                                    <h3>
                                        <a class="children" href="/drogerie/praci-prostredky">
                                            Prací prostředky
                                        </a>
                                    </h3>

                                                                        <div class="categories-container">

                                                <a href="/drogerie/praci-prostredky/prasky">
                                                    Prášky,
                                                </a>

                                                <a href="/drogerie/praci-prostredky/gely">
                                                    Gely,
                                                </a>

                                                <a href="/drogerie/praci-prostredky/kapsle">
                                                    Kapsle,
                                                </a>

                                                <a href="/drogerie/praci-prostredky/avivaze">
                                                    Aviváže,
                                                </a>

                                                <a href="/drogerie/praci-prostredky/detske-prani">
                                                    Dětské praní,
                                                </a>

                                                <a href="/drogerie/praci-prostredky/odstranovace-skvrn">
                                                    Odstraňovače skvrn,
                                                </a>
                                        <a href="/drogerie/praci-prostredky">...</a>
                                    </div>
                                </div>
                                <div class="product-type">
                                    <a href="/drogerie/cistici-prostredky" class="product-type-image">
                                        <img data-src="https://cdn.kosik.cz/content/category/svg/menu/1464.svg" alt="Čistící prostředky">
                                    </a>
                                    <h3>
                                        <a class="children" href="/drogerie/cistici-prostredky">
                                            Čistící prostředky
                                        </a>
                                    </h3>

                                                                        <div class="categories-container">

                                                <a href="/drogerie/cistici-prostredky/koupelna">
                                                    Koupelna,
                                                </a>

                                                <a href="/drogerie/cistici-prostredky/kuchyn">
                                                    Kuchyň,
                                                </a>

                                                <a href="/drogerie/cistici-prostredky/toaleta">
                                                    Toaleta,
                                                </a>

                                                <a href="/drogerie/cistici-prostredky/podlahy-a-koberce">
                                                    Podlahy a koberce,
                                                </a>

                                                <a href="/drogerie/cistici-prostredky/okna">
                                                    Okna,
                                                </a>

                                                <a href="/drogerie/cistici-prostredky/nabytek">
                                                    Nábytek,
                                                </a>

                                                <a href="/drogerie/cistici-prostredky/univerzalni">
                                                    Univerzální,
                                                </a>



                                        <a href="/drogerie/cistici-prostredky">...</a>
                                    </div>
                                </div>
                                <div class="product-type">
                                    <a href="/drogerie/myti-nadobi" class="product-type-image">
                                        <img data-src="https://cdn.kosik.cz/content/category/svg/menu/1551.svg" alt="Mytí nádobí">
                                    </a>
                                    <h3>
                                        <a class="children" href="/drogerie/myti-nadobi">
                                            Mytí nádobí
                                        </a>
                                    </h3>

                                                                        <div class="categories-container">

                                                <a href="/drogerie/myti-nadobi/prostredky-do-mycky">
                                                    Prostředky do myčky,
                                                </a>

                                                <a href="/drogerie/myti-nadobi/rucni-myti">
                                                    Ruční mytí,
                                                </a>

                                                <a href="/drogerie/myti-nadobi/hadriky-a-houbicky">
                                                    Hadříky a houbičky,
                                                </a>
                                        <a href="/drogerie/myti-nadobi">...</a>
                                    </div>
                                </div>
                                <div class="product-type">
                                    <a href="/drogerie/toaletni-papir-kapesniky-kuchynske-uterky" class="product-type-image">
                                        <img data-src="https://cdn.kosik.cz/content/category/svg/menu/1561.svg" alt="Toaletní papír, kapesníky, kuchyňské utěrky">
                                    </a>
                                    <h3>
                                        <a class="children" href="/drogerie/toaletni-papir-kapesniky-kuchynske-uterky">
                                            Toaletní papír, kapesníky, kuchyňské utěrky
                                        </a>
                                    </h3>

                                                                        <div class="categories-container">

                                                <a href="/drogerie/toaletni-papir-kapesniky-kuchynske-uterky/toaletni-papiry">
                                                    Toaletní papíry,
                                                </a>

                                                <a href="/drogerie/toaletni-papir-kapesniky-kuchynske-uterky/kapesniky">
                                                    Kapesníky,
                                                </a>

                                                <a href="/drogerie/toaletni-papir-kapesniky-kuchynske-uterky/kuchynske-uterky">
                                                    Kuchyňské utěrky,
                                                </a>
                                        <a href="/drogerie/toaletni-papir-kapesniky-kuchynske-uterky">...</a>
                                    </div>
                                </div>
                                <div class="product-type">
                                    <a href="/drogerie/sprchove-gely-mydla-peny" class="product-type-image">
                                        <img data-src="https://cdn.kosik.cz/content/category/svg/menu/1514.svg" alt="Sprchové gely, mýdla, pěny">
                                    </a>
                                    <h3>
                                        <a class="children" href="/drogerie/sprchove-gely-mydla-peny">
                                            Sprchové gely, mýdla, pěny
                                        </a>
                                    </h3>

                                                                        <div class="categories-container">

                                                <a href="/drogerie/sprchove-gely-mydla-peny/sprchove-gely">
                                                    Sprchové gely,
                                                </a>

                                                <a href="/drogerie/sprchove-gely-mydla-peny/mydla">
                                                    Mýdla,
                                                </a>

                                                <a href="/drogerie/sprchove-gely-mydla-peny/peny-a-oleje-do-koupele">
                                                    Pěny a oleje do koupele,
                                                </a>
                                        <a href="/drogerie/sprchove-gely-mydla-peny">...</a>
                                    </div>
                                </div>
                                <div class="product-type">
                                    <a href="/drogerie/pece-o-vlasy" class="product-type-image">
                                        <img data-src="https://cdn.kosik.cz/content/category/svg/menu/1523.svg" alt="Péče o vlasy">
                                    </a>
                                    <h3>
                                        <a class="children" href="/drogerie/pece-o-vlasy">
                                            Péče o vlasy
                                        </a>
                                    </h3>

                                                                        <div class="categories-container">

                                                <a href="/drogerie/pece-o-vlasy/sampony">
                                                    Šampony,
                                                </a>

                                                <a href="/drogerie/pece-o-vlasy/kondicionery">
                                                    Kondicionéry,
                                                </a>

                                                <a href="/drogerie/pece-o-vlasy/laky">
                                                    Laky,
                                                </a>

                                                <a href="/drogerie/pece-o-vlasy/tuzidla">
                                                    Tužidla,
                                                </a>

                                                <a href="/drogerie/pece-o-vlasy/gely">
                                                    Gely,
                                                </a>

                                                <a href="/drogerie/pece-o-vlasy/barvy-na-vlasy">
                                                    Barvy na vlasy,
                                                </a>
                                        <a href="/drogerie/pece-o-vlasy">...</a>
                                    </div>
                                </div>
                                <div class="product-type">
                                    <a href="/drogerie/pece-o-plet" class="product-type-image">
                                        <img data-src="https://cdn.kosik.cz/content/category/svg/menu/1541.svg" alt="Péče o pleť">
                                    </a>
                                    <h3>
                                        <a class="children" href="/drogerie/pece-o-plet">
                                            Péče o pleť
                                        </a>
                                    </h3>

                                                                        <div class="categories-container">

                                                <a href="/drogerie/pece-o-plet/pletove-kremy">
                                                    Pleťové krémy,
                                                </a>

                                                <a href="/drogerie/pece-o-plet/odlicovani">
                                                    Odličování,
                                                </a>

                                                <a href="/drogerie/pece-o-plet/masky-a-peelingy">
                                                    Masky a peelingy,
                                                </a>

                                                <a href="/drogerie/pece-o-plet/pece-o-rty">
                                                    Péče o rty,
                                                </a>

                                        <a href="/drogerie/pece-o-plet">...</a>
                                    </div>
                                </div>
                                <div class="product-type">
                                    <a href="/drogerie/ustni-hygiena" class="product-type-image">
                                        <img data-src="https://cdn.kosik.cz/content/category/svg/menu/1502.svg" alt="Ústní hygiena">
                                    </a>
                                    <h3>
                                        <a class="children" href="/drogerie/ustni-hygiena">
                                            Ústní hygiena
                                        </a>
                                    </h3>

                                                                        <div class="categories-container">

                                                <a href="/drogerie/ustni-hygiena/zubni-pasty">
                                                    Zubní pasty,
                                                </a>

                                                <a href="/drogerie/ustni-hygiena/zubni-kartacky">
                                                    Zubní kartáčky,
                                                </a>

                                                <a href="/drogerie/ustni-hygiena/ustni-vody">
                                                    Ústní vody,
                                                </a>

                                                <a href="/drogerie/ustni-hygiena/mezizubni-pece">
                                                    Mezizubní péče,
                                                </a>

                                        <a href="/drogerie/ustni-hygiena">...</a>
                                    </div>
                                </div>
                                <div class="product-type">
                                    <a href="/drogerie/deodoranty-a-antiperspiranty" class="product-type-image">
                                        <img data-src="https://cdn.kosik.cz/content/category/svg/menu/1477.svg" alt="Deodoranty a antiperspiranty">
                                    </a>
                                    <h3>
                                        <a class="children" href="/drogerie/deodoranty-a-antiperspiranty">
                                            Deodoranty a antiperspiranty
                                        </a>
                                    </h3>

                                                                        <div class="categories-container">

                                                <a href="/drogerie/deodoranty-a-antiperspiranty/damske">
                                                    Dámské,
                                                </a>

                                                <a href="/drogerie/deodoranty-a-antiperspiranty/panske">
                                                    Pánské,
                                                </a>
                                        <a href="/drogerie/deodoranty-a-antiperspiranty">...</a>
                                    </div>
                                </div>
                                <div class="product-type">
                                    <a href="/drogerie/holeni-a-epilace" class="product-type-image">
                                        <img data-src="https://cdn.kosik.cz/content/category/svg/menu/1493.svg" alt="Holení a epilace">
                                    </a>
                                    <h3>
                                        <a class="children" href="/drogerie/holeni-a-epilace">
                                            Holení a epilace
                                        </a>
                                    </h3>

                                                                        <div class="categories-container">

                                                <a href="/drogerie/holeni-a-epilace/damske">
                                                    Dámské,
                                                </a>

                                                <a href="/drogerie/holeni-a-epilace/panske">
                                                    Pánské,
                                                </a>
                                        <a href="/drogerie/holeni-a-epilace">...</a>
                                    </div>
                                </div>
                                <div class="product-type">
                                    <a href="/drogerie/damska-hygiena" class="product-type-image">
                                        <img data-src="https://cdn.kosik.cz/content/category/svg/menu/1508.svg" alt="Dámská hygiena">
                                    </a>
                                    <h3>
                                        <a class="children" href="/drogerie/damska-hygiena">
                                            Dámská hygiena
                                        </a>
                                    </h3>

                                                                        <div class="categories-container">

                                                <a href="/drogerie/damska-hygiena/vlozky">
                                                    Vložky,
                                                </a>

                                                <a href="/drogerie/damska-hygiena/tampony">
                                                    Tampóny,
                                                </a>

                                                <a href="/drogerie/damska-hygiena/intimni-hygiena">
                                                    Intimní hygiena,
                                                </a>
                                        <a href="/drogerie/damska-hygiena">...</a>
                                    </div>
                                </div>
                                <div class="product-type">
                                    <a href="/drogerie/eko-drogerie-a-kosmetika" class="product-type-image">
                                        <img data-src="https://cdn.kosik.cz/content/category/svg/menu/1488.svg" alt="Eko drogerie a kosmetika">
                                    </a>
                                    <h3>
                                        <a class="children" href="/drogerie/eko-drogerie-a-kosmetika">
                                            Eko drogerie a kosmetika
                                        </a>
                                    </h3>

                                                                        <div class="categories-container">

                                                <a href="/drogerie/eko-drogerie-a-kosmetika/prani">
                                                    Praní,
                                                </a>

                                                <a href="/drogerie/eko-drogerie-a-kosmetika/myti-nadobi">
                                                    Mytí nádobí,
                                                </a>

                                                <a href="/drogerie/eko-drogerie-a-kosmetika/cistici-prostredky">
                                                    Čistící prostředky,
                                                </a>

                                                <a href="/drogerie/eko-drogerie-a-kosmetika/prirodni-kosmetika">
                                                    Přírodní kosmetika,
                                                </a>
                                        <a href="/drogerie/eko-drogerie-a-kosmetika">...</a>
                                    </div>
                                </div>
                                <div class="product-type">
                                    <a href="/drogerie/pece-o-zdravi" class="product-type-image">
                                        <img data-src="https://cdn.kosik.cz/content/category/svg/menu/1565.svg" alt="Péče o zdraví">
                                    </a>
                                    <h3>
                                        <a class="children" href="/drogerie/pece-o-zdravi">
                                            Péče o zdraví
                                        </a>
                                    </h3>

                                                                        <div class="categories-container">

                                                <a href="/drogerie/pece-o-zdravi/intimni-chvile">
                                                    Intimní chvíle,
                                                </a>

                                                <a href="/drogerie/pece-o-zdravi/masazni-emulze">
                                                    Masážní emulze,
                                                </a>

                                                <a href="/drogerie/pece-o-zdravi/pece-o-telo-a-vlasy">
                                                    Péče o tělo a vlasy,
                                                </a>
                                        <a href="/drogerie/pece-o-zdravi">...</a>
                                    </div>
                                </div>
                            </div>
                        </div>
                    </div>
                </li>
                <li class="sub with-children"
                    data-open="false">
                    <a href="/trafika">
                        Trafika
                    </a>
                        <span class="category-toggle-sub mobile-small-nav-show"
                              onclick="this.parentNode.classList.toggle('open')">
							<i class="fa fa-angle-down" aria-hidden="true"></i>
						</span>
                    <div class="block block-droped-category">
                        <div class="block-droped-category-inner">
                            <div class="category-product-list">

                                                                <div class="product-type">
                                    <a href="/trafika/cigarety-a-tabak" class="product-type-image">
                                        <img data-src="https://cdn.kosik.cz/content/category/svg/menu/1578.svg" alt="Cigarety a tabák">
                                    </a>
                                    <h3>
                                        <a class="children" href="/trafika/cigarety-a-tabak">
                                            Cigarety a tabák
                                        </a>
                                    </h3>

                                                                    </div>
                            </div>
                        </div>
                    </div>
                </li>


        </ul>
    </div>
</div>

<script type="text/javascript">
    $(function() {
        $('.christmas-link').on('click', function () {
            if (window.innerWidth < 1025) {
                var mobileMenu = $('#big-menu');
                mobileMenu.toggleClass('open');
                basic.toggleClass((document.querySelector('body')), 'open-menu');
            }
            $('html, body').animate({
                scrollTop: $('#christmas-inspiration').offset().top - 100
            }, 2000);
            return false;
        });

    });
</script>

						<div
								class="region region-delivery-cart" id="fixed-menu">
							<div class="region-inner region-delivery-cart-inner">
								<div id="snippet--orderSlotPreviewArea">
<script>
    $(document).ready(function(){
        var nearest = $('.block-nearest-delivery');

        if(nearest.hasClass('unloaded')){
            $.nette.ajax("\/napoje\/lihoviny?do=orderSlotPreview-load").done(function(){
                nearest.removeClass('unloaded')
            });
        }
    })
</script>
<div class="block block-nearest-delivery unloaded" id="snippet-orderSlotPreview-slots">
        <span class="noslot">Nejbližší termín dodání se dozvíte v <strong>průběhu objednávání</strong>. Momentálně jsme zaneprázdněni vyřizováním objednávek ostatních zákazníků.</span>
</div>
								</div>

								<div class="block-cart-dropdown" id="snippet--cartPreview">
<div class="cart-fixing-box">
	<a href="javaScript:void(0);" onclick="fixing.openBox(&quot;\/napoje\/lihoviny?do=cartPreview-showCart&quot;)" id="cart-open-button" aria-hidden="true">
		<i class="fa fa-angle-down" aria-hidden="true"></i>
		<p class="units-in-cart">
			<span class="show-cart-text" data-visible="Obchod" data-hide="Zobrazit">
					Zobrazit
			</span>
			<span class="total-items-incart" id="snippet-cartPreview-totalItems"><span class="accessible">Počet položek v košíku: </span>0</span>
		</p>
	</a>
		<a class="open-cart button-simple button-red blur-modal-overlay kosik-modal-open" data-target="login-modal">
			Pokladna
		</a>
	<p class="cart-price button-simple button-green" id="snippet-cartPreview-totalPriceArea">
		<strong class="price">0,00 Kč</strong>
	</p>
</div>
<div class="cart-box fixed-top" id="cart-detail-preview">
<div id="snippet-cartPreview-cartBox"><div id="snippet-cartPreview-detail-">	<div class="cart-item-list-overlay">
		<div id="cart-items-list" class="cart-items-list min">
			<div class="cart-items-scroller">
				<h4 class="accessible">Položky v košíku</h2>
				<div class="cart-is-empty">
										Košík máte prázdný,<br>vraťte se <a href="javascript:void(0);" onclick="fixing.openBox('\/?do=cartPreview-showCart')">do obchodu</a>.
									</div>
			</div>
		</div>
<div id="snippet-cartPreview-detail-finalPrice">				<div class="make-order" id="make-order-button">
					<div class="cart-minimal">
						<p>
								Minimální cena objednávky je <b class="no-break"><strong class="price">500,00 Kč</strong></b> Kč
								<br>
								Přidejte zboží ještě alespoň za <em class="no-break"><strong class="price">500,00 Kč</strong></em>
						</p>
					</div>

						<a class="button button-red blur-modal-overlay kosik-modal-open" data-target="login-modal">
							Koupit za  0 Kč
						</a>
				</div>
			<script>
				$(document).ready(function(){
					$('.cart-control-delete, .cart-item-delete').click(function(){
						$(this).closest('li').addClass('hidden-product');
					});
				});
			</script>
</div>	</div>
	<script async>
		basic.documentReady(function () {

			if (window.innerWidth > 1024) {
				$('#delete-cart-items').on('click', function (e) {
					var message = confirm('Opravdu chcete vyprázdnit váš košík?')

					if (!message)
						e.preventDefault();
					else
						$.nette.ajax(this.dataset.href);
				});
			}
		});
	</script>
</div></div></div>
<script async>
	basic.documentReady(function(){
		fixing.init();
	});

	$(document).ajaxComplete(function(){
		fixing.reinitElements(true);
	});
</script>
								</div>
							</div>
						</div>
<div id="snippet-pASystem-"></div>					</div>

					<div class="region region-breadcrumb">
						<div class="region-inner region-breadcrumb-inner">

<ol class="kosik-breadcrumb">
    <li>
        <a href="/">Košík.cz</a>
    </li>
    <li>
        <a href="/napoje">
            Nápoje
        </a>
    </li>
    <li>
        <a href="/napoje/lihoviny">
            Lihoviny
        </a>
    </li>
</ol>
<div class="clear"></div>

<script type="application/ld+json" async>
{"@context":"http://schema.org","@type":"BreadcrumbList","itemListElement":[{"@type":"ListItem","position":1,"item":{"@id":"/zbozi","name":"Zboží"}},{"@type":"ListItem","position":2,"item":{"@id":"/napoje","name":"Nápoje"}},{"@type":"ListItem","position":3,"item":{"@id":"/napoje/lihoviny","name":"Lihoviny"}}]}
</script>						</div>
					</div>

				</div>
			</div>
		</header>

		<div class="mainOuter">
			
		</div>

		<div class="zone-wrapper zone-main-wrapper clearfix" role="main">
			<a name="maincontent" id="maincontent" aria-hidden="true"></a>
	<div class="zone zone-main clearfix">

		<div class="region region-category-review-slider" role="complementary">
			<div class="region-inner region-category-review-slider-inner">
<div class="block block-product-list-category  lighter-gray-bg">
	<div class="category-review">
		<a href="/napoje">
			Nápoje
		</a>
		<ul class="category-review-list">
			<li>
				<a href="/napoje/lihoviny/aperitivy">
					Aperitivy				</a>
			</li>
			<li>
				<a href="/napoje/lihoviny/brandy-a-konak">
					Brandy a koňak				</a>
			</li>
			<li>
				<a href="/napoje/lihoviny/gin-a-absinth">
					Gin a absinth				</a>
			</li>
			<li>
				<a href="/napoje/lihoviny/rum">
					Rum				</a>
			</li>
			<li>
				<a href="/napoje/lihoviny/vodka">
					Vodka				</a>
			</li>
			<li>
				<a href="/napoje/lihoviny/tequila">
					Tequila				</a>
			</li>
			<li>
				<a href="/napoje/lihoviny/whisky-a-bourbon">
					Whisky a bourbon				</a>
			</li>
			<li>
				<a href="/napoje/lihoviny/ovocne-palenky-a-calvados">
					Ovocné pálenky a calvados				</a>
			</li>
			<li>
				<a href="/napoje/lihoviny/likery">
					Likéry				</a>
				<a class="category-has-dropdown" href="" aria-hidden="true" tabindex="-1">
					<i class="fa fa-angle-down"></i>
				</a>
				<ul>
					<li>
						<a href="/napoje/lihoviny/likery/bylinne">Bylinné</a>
					</li>
					<li>
						<a href="/napoje/lihoviny/likery/kremove">Krémové</a>
					</li>
					<li>
						<a href="/napoje/lihoviny/likery/ovocne">Ovocné</a>
					</li>
				</ul>
			</li>
			<li>
				<a href="/napoje/lihoviny/michane-napoje">
					Míchané nápoje				</a>
			</li>
		</ul>
	</div>
</div>				<div id="snippet--productFilterArea">
<div class="block block-product-price-filter lighter-gray-bg">
    <div class="filter-ajax-waiting">
        <div class="loading">
            <div class="loading-bar"></div>
            <div class="loading-bar"></div>
            <div class="loading-bar"></div>
            <div class="loading-bar"></div>
        </div>
    </div>
    <div class="count" id="snippet-productFilter-countArea">
        <p>457 produktů nalezeno</p>
    </div>

        <h3 aria-label="Filtr Podle ceny">Podle ceny</h3>
        <div id="snippet-productFilter-priceFinalVatConstraintFormArea">
        <form action="/napoje/lihoviny" method="post" class="ajax filter-constraint filter-range" id="frm-productFilter-priceFinalVatConstraintForm">
                                <div id="slider-value" class="slider"><input type="text" name="value[min]" style="display:none" id="value-min" value="10"><input type="text" name="value[max]" style="display:none" id="value-max" value="2900"><div data-suffix="Kč" data-minimum="10" data-maximum="2900" data-value-min="10" data-value-max="2900" data-step="10" class="range-wrapper"><div id="range-input"></div></div><span id="value-label-minValue"></span><span id="value-label-maxValue" style="float:right"></span></div>
                                <input type="hidden" name="do" value="productFilter-priceFinalVatConstraintForm-submit">
        <!--[if IE]><input type=IEbug disabled style="display:none"><![endif]-->
</form>

</div>
        <h3 aria-label="Filtr Podle značky">Podle značky</h3>
        <div id="snippet-productFilter-brandConstraintFormArea">
        <form action="/napoje/lihoviny" method="post" class="ajax filter-constraint filter-list" id="frm-productFilter-brandConstraintForm">
                <div class="filter-categories" id="filter-brand">

                                                         <div class="form-row" style="display: none;">
                            <input type="checkbox" name="value[]" onchange=" $('.filter-ajax-waiting').addClass('show');$(this).closest('form').submit();" id="frm-productFilter-brandConstraintForm-value-519" value="519" aria-label="!Absolut (8)">
                            <label for="frm-productFilter-brandConstraintForm-value-519">Absolut (8)</label>
                        </div>


                                                         <div class="form-row" style="display: none;">
                            <input type="checkbox" name="value[]" onchange=" $('.filter-ajax-waiting').addClass('show');$(this).closest('form').submit();" id="frm-productFilter-brandConstraintForm-value-2638" value="2638" aria-label="!Amaretto (2)">
                            <label for="frm-productFilter-brandConstraintForm-value-2638">Amaretto (2)</label>
                        </div>


                                                         <div class="form-row" style="display: none;">
                            <input type="checkbox" name="value[]" onchange=" $('.filter-ajax-waiting').addClass('show');$(this).closest('form').submit();" id="frm-productFilter-brandConstraintForm-value-3083" value="3083" aria-label="!Amaro Montenegro (1)">
                            <label for="frm-productFilter-brandConstraintForm-value-3083">Amaro Montenegro (1)</label>
                        </div>


                            <div class="form-row">
                            <input type="checkbox" name="value[]" onchange=" $('.filter-ajax-waiting').addClass('show');$(this).closest('form').submit();" id="frm-productFilter-brandConstraintForm-value-520" value="520" aria-label="!Amundsen (14)">
                            <label for="frm-productFilter-brandConstraintForm-value-520">Amundsen (14)</label>
                        </div>


                                                         <div class="form-row" style="display: none;">
                            <input type="checkbox" name="value[]" onchange=" $('.filter-ajax-waiting').addClass('show');$(this).closest('form').submit();" id="frm-productFilter-brandConstraintForm-value-657" value="657" aria-label="!Aperol (3)">
                            <label for="frm-productFilter-brandConstraintForm-value-657">Aperol (3)</label>
                        </div>


                                                         <div class="form-row" style="display: none;">
                            <input type="checkbox" name="value[]" onchange=" $('.filter-ajax-waiting').addClass('show');$(this).closest('form').submit();" id="frm-productFilter-brandConstraintForm-value-3524" value="3524" aria-label="!Ararat (1)">
                            <label for="frm-productFilter-brandConstraintForm-value-3524">Ararat (1)</label>
                        </div>


                                                         <div class="form-row" style="display: none;">
                            <input type="checkbox" name="value[]" onchange=" $('.filter-ajax-waiting').addClass('show');$(this).closest('form').submit();" id="frm-productFilter-brandConstraintForm-value-3065" value="3065" aria-label="!ArtSpritz (1)">
                            <label for="frm-productFilter-brandConstraintForm-value-3065">ArtSpritz (1)</label>
                        </div>


                                                         <div class="form-row" style="display: none;">
                            <input type="checkbox" name="value[]" onchange=" $('.filter-ajax-waiting').addClass('show');$(this).closest('form').submit();" id="frm-productFilter-brandConstraintForm-value-513" value="513" aria-label="!Bacardi (9)">
                            <label for="frm-productFilter-brandConstraintForm-value-513">Bacardi (9)</label>
                        </div>


                                                         <div class="form-row" style="display: none;">
                            <input type="checkbox" name="value[]" onchange=" $('.filter-ajax-waiting').addClass('show');$(this).closest('form').submit();" id="frm-productFilter-brandConstraintForm-value-1731" value="1731" aria-label="!Bailey's (1)">
                            <label for="frm-productFilter-brandConstraintForm-value-1731">Bailey's (1)</label>
                        </div>


                                                         <div class="form-row" style="display: none;">
                            <input type="checkbox" name="value[]" onchange=" $('.filter-ajax-waiting').addClass('show');$(this).closest('form').submit();" id="frm-productFilter-brandConstraintForm-value-571" value="571" aria-label="!Baileys (2)">
                            <label for="frm-productFilter-brandConstraintForm-value-571">Baileys (2)</label>
                        </div>


                                                         <div class="form-row" style="display: none;">
                            <input type="checkbox" name="value[]" onchange=" $('.filter-ajax-waiting').addClass('show');$(this).closest('form').submit();" id="frm-productFilter-brandConstraintForm-value-528" value="528" aria-label="!Ballantine's (4)">
                            <label for="frm-productFilter-brandConstraintForm-value-528">Ballantine's (4)</label>
                        </div>


                                                         <div class="form-row" style="display: none;">
                            <input type="checkbox" name="value[]" onchange=" $('.filter-ajax-waiting').addClass('show');$(this).closest('form').submit();" id="frm-productFilter-brandConstraintForm-value-2968" value="2968" aria-label="!Ballantine´s  (1)">
                            <label for="frm-productFilter-brandConstraintForm-value-2968">Ballantine´s  (1)</label>
                        </div>


                                                         <div class="form-row" style="display: none;">
                            <input type="checkbox" name="value[]" onchange=" $('.filter-ajax-waiting').addClass('show');$(this).closest('form').submit();" id="frm-productFilter-brandConstraintForm-value-1315" value="1315" aria-label="!Bartida (3)">
                            <label for="frm-productFilter-brandConstraintForm-value-1315">Bartida (3)</label>
                        </div>


                                                         <div class="form-row" style="display: none;">
                            <input type="checkbox" name="value[]" onchange=" $('.filter-ajax-waiting').addClass('show');$(this).closest('form').submit();" id="frm-productFilter-brandConstraintForm-value-560" value="560" aria-label="!Becherovka (8)">
                            <label for="frm-productFilter-brandConstraintForm-value-560">Becherovka (8)</label>
                        </div>


                                                         <div class="form-row" style="display: none;">
                            <input type="checkbox" name="value[]" onchange=" $('.filter-ajax-waiting').addClass('show');$(this).closest('form').submit();" id="frm-productFilter-brandConstraintForm-value-500" value="500" aria-label="!Beefeater (3)">
                            <label for="frm-productFilter-brandConstraintForm-value-500">Beefeater (3)</label>
                        </div>


                                                         <div class="form-row" style="display: none;">
                            <input type="checkbox" name="value[]" onchange=" $('.filter-ajax-waiting').addClass('show');$(this).closest('form').submit();" id="frm-productFilter-brandConstraintForm-value-2920" value="2920" aria-label="!Beluga (1)">
                            <label for="frm-productFilter-brandConstraintForm-value-2920">Beluga (1)</label>
                        </div>


                                                         <div class="form-row" style="display: none;">
                            <input type="checkbox" name="value[]" onchange=" $('.filter-ajax-waiting').addClass('show');$(this).closest('form').submit();" id="frm-productFilter-brandConstraintForm-value-572" value="572" aria-label="!Berentzen (8)">
                            <label for="frm-productFilter-brandConstraintForm-value-572">Berentzen (8)</label>
                        </div>


                            <div class="form-row">
                            <input type="checkbox" name="value[]" onchange=" $('.filter-ajax-waiting').addClass('show');$(this).closest('form').submit();" id="frm-productFilter-brandConstraintForm-value-87" value="87" aria-label="!Bez značky (15)">
                            <label for="frm-productFilter-brandConstraintForm-value-87">Bez značky (15)</label>
                        </div>


                                                         <div class="form-row" style="display: none;">
                            <input type="checkbox" name="value[]" onchange=" $('.filter-ajax-waiting').addClass('show');$(this).closest('form').submit();" id="frm-productFilter-brandConstraintForm-value-2775" value="2775" aria-label="!Blend 42 (3)">
                            <label for="frm-productFilter-brandConstraintForm-value-2775">Blend 42 (3)</label>
                        </div>


                                                         <div class="form-row" style="display: none;">
                            <input type="checkbox" name="value[]" onchange=" $('.filter-ajax-waiting').addClass('show');$(this).closest('form').submit();" id="frm-productFilter-brandConstraintForm-value-501" value="501" aria-label="!Bombay Sapphire (1)">
                            <label for="frm-productFilter-brandConstraintForm-value-501">Bombay Sapphire (1)</label>
                        </div>


                                                         <div class="form-row" style="display: none;">
                            <input type="checkbox" name="value[]" onchange=" $('.filter-ajax-waiting').addClass('show');$(this).closest('form').submit();" id="frm-productFilter-brandConstraintForm-value-555" value="555" aria-label="!Boris Jelzin (3)">
                            <label for="frm-productFilter-brandConstraintForm-value-555">Boris Jelzin (3)</label>
                        </div>


                                                         <div class="form-row" style="display: none;">
                            <input type="checkbox" name="value[]" onchange=" $('.filter-ajax-waiting').addClass('show');$(this).closest('form').submit();" id="frm-productFilter-brandConstraintForm-value-3487" value="3487" aria-label="!Bousov (1)">
                            <label for="frm-productFilter-brandConstraintForm-value-3487">Bousov (1)</label>
                        </div>


                            <div class="form-row">
                            <input type="checkbox" name="value[]" onchange=" $('.filter-ajax-waiting').addClass('show');$(this).closest('form').submit();" id="frm-productFilter-brandConstraintForm-value-514" value="514" aria-label="!Božkov (23)">
                            <label for="frm-productFilter-brandConstraintForm-value-514">Božkov (23)</label>
                        </div>


                                                         <div class="form-row" style="display: none;">
                            <input type="checkbox" name="value[]" onchange=" $('.filter-ajax-waiting').addClass('show');$(this).closest('form').submit();" id="frm-productFilter-brandConstraintForm-value-529" value="529" aria-label="!Bushmills (1)">
                            <label for="frm-productFilter-brandConstraintForm-value-529">Bushmills (1)</label>
                        </div>


                                                         <div class="form-row" style="display: none;">
                            <input type="checkbox" name="value[]" onchange=" $('.filter-ajax-waiting').addClass('show');$(this).closest('form').submit();" id="frm-productFilter-brandConstraintForm-value-561" value="561" aria-label="!Campari (2)">
                            <label for="frm-productFilter-brandConstraintForm-value-561">Campari (2)</label>
                        </div>


                                                         <div class="form-row" style="display: none;">
                            <input type="checkbox" name="value[]" onchange=" $('.filter-ajax-waiting').addClass('show');$(this).closest('form').submit();" id="frm-productFilter-brandConstraintForm-value-2641" value="2641" aria-label="!Camus (2)">
                            <label for="frm-productFilter-brandConstraintForm-value-2641">Camus (2)</label>
                        </div>


                                                         <div class="form-row" style="display: none;">
                            <input type="checkbox" name="value[]" onchange=" $('.filter-ajax-waiting').addClass('show');$(this).closest('form').submit();" id="frm-productFilter-brandConstraintForm-value-1086" value="1086" aria-label="!Capitan Bucanero (4)">
                            <label for="frm-productFilter-brandConstraintForm-value-1086">Capitan Bucanero (4)</label>
                        </div>


                                                         <div class="form-row" style="display: none;">
                            <input type="checkbox" name="value[]" onchange=" $('.filter-ajax-waiting').addClass('show');$(this).closest('form').submit();" id="frm-productFilter-brandConstraintForm-value-1088" value="1088" aria-label="!Captain Morgan (6)">
                            <label for="frm-productFilter-brandConstraintForm-value-1088">Captain Morgan (6)</label>
                        </div>


                                                         <div class="form-row" style="display: none;">
                            <input type="checkbox" name="value[]" onchange=" $('.filter-ajax-waiting').addClass('show');$(this).closest('form').submit();" id="frm-productFilter-brandConstraintForm-value-2617" value="2617" aria-label="!Captain Silver (1)">
                            <label for="frm-productFilter-brandConstraintForm-value-2617">Captain Silver (1)</label>
                        </div>


                                                         <div class="form-row" style="display: none;">
                            <input type="checkbox" name="value[]" onchange=" $('.filter-ajax-waiting').addClass('show');$(this).closest('form').submit();" id="frm-productFilter-brandConstraintForm-value-573" value="573" aria-label="!Carolans (1)">
                            <label for="frm-productFilter-brandConstraintForm-value-573">Carolans (1)</label>
                        </div>


                                                         <div class="form-row" style="display: none;">
                            <input type="checkbox" name="value[]" onchange=" $('.filter-ajax-waiting').addClass('show');$(this).closest('form').submit();" id="frm-productFilter-brandConstraintForm-value-2481" value="2481" aria-label="!Castellino (1)">
                            <label for="frm-productFilter-brandConstraintForm-value-2481">Castellino (1)</label>
                        </div>


                                                         <div class="form-row" style="display: none;">
                            <input type="checkbox" name="value[]" onchange=" $('.filter-ajax-waiting').addClass('show');$(this).closest('form').submit();" id="frm-productFilter-brandConstraintForm-value-3564" value="3564" aria-label="!Chambord (1)">
                            <label for="frm-productFilter-brandConstraintForm-value-3564">Chambord (1)</label>
                        </div>


                                                         <div class="form-row" style="display: none;">
                            <input type="checkbox" name="value[]" onchange=" $('.filter-ajax-waiting').addClass('show');$(this).closest('form').submit();" id="frm-productFilter-brandConstraintForm-value-530" value="530" aria-label="!Chivas Regal (4)">
                            <label for="frm-productFilter-brandConstraintForm-value-530">Chivas Regal (4)</label>
                        </div>


                                                         <div class="form-row" style="display: none;">
                            <input type="checkbox" name="value[]" onchange=" $('.filter-ajax-waiting').addClass('show');$(this).closest('form').submit();" id="frm-productFilter-brandConstraintForm-value-491" value="491" aria-label="!Cinzano (3)">
                            <label for="frm-productFilter-brandConstraintForm-value-491">Cinzano (3)</label>
                        </div>


                                                         <div class="form-row" style="display: none;">
                            <input type="checkbox" name="value[]" onchange=" $('.filter-ajax-waiting').addClass('show');$(this).closest('form').submit();" id="frm-productFilter-brandConstraintForm-value-3079" value="3079" aria-label="!Copperhead (1)">
                            <label for="frm-productFilter-brandConstraintForm-value-3079">Copperhead (1)</label>
                        </div>


                                                         <div class="form-row" style="display: none;">
                            <input type="checkbox" name="value[]" onchange=" $('.filter-ajax-waiting').addClass('show');$(this).closest('form').submit();" id="frm-productFilter-brandConstraintForm-value-495" value="495" aria-label="!Courvoisier (3)">
                            <label for="frm-productFilter-brandConstraintForm-value-495">Courvoisier (3)</label>
                        </div>


                                                         <div class="form-row" style="display: none;">
                            <input type="checkbox" name="value[]" onchange=" $('.filter-ajax-waiting').addClass('show');$(this).closest('form').submit();" id="frm-productFilter-brandConstraintForm-value-2923" value="2923" aria-label="!Diplomático (1)">
                            <label for="frm-productFilter-brandConstraintForm-value-2923">Diplomático (1)</label>
                        </div>


                                                         <div class="form-row" style="display: none;">
                            <input type="checkbox" name="value[]" onchange=" $('.filter-ajax-waiting').addClass('show');$(this).closest('form').submit();" id="frm-productFilter-brandConstraintForm-value-502" value="502" aria-label="!Dynybyl (1)">
                            <label for="frm-productFilter-brandConstraintForm-value-502">Dynybyl (1)</label>
                        </div>


                                                         <div class="form-row" style="display: none;">
                            <input type="checkbox" name="value[]" onchange=" $('.filter-ajax-waiting').addClass('show');$(this).closest('form').submit();" id="frm-productFilter-brandConstraintForm-value-3354" value="3354" aria-label="!El Jimador (4)">
                            <label for="frm-productFilter-brandConstraintForm-value-3354">El Jimador (4)</label>
                        </div>


                                                         <div class="form-row" style="display: none;">
                            <input type="checkbox" name="value[]" onchange=" $('.filter-ajax-waiting').addClass('show');$(this).closest('form').submit();" id="frm-productFilter-brandConstraintForm-value-2922" value="2922" aria-label="!Fassbind (2)">
                            <label for="frm-productFilter-brandConstraintForm-value-2922">Fassbind (2)</label>
                        </div>


                                                         <div class="form-row" style="display: none;">
                            <input type="checkbox" name="value[]" onchange=" $('.filter-ajax-waiting').addClass('show');$(this).closest('form').submit();" id="frm-productFilter-brandConstraintForm-value-2786" value="2786" aria-label="!Favraud (4)">
                            <label for="frm-productFilter-brandConstraintForm-value-2786">Favraud (4)</label>
                        </div>


                                                         <div class="form-row" style="display: none;">
                            <input type="checkbox" name="value[]" onchange=" $('.filter-ajax-waiting').addClass('show');$(this).closest('form').submit();" id="frm-productFilter-brandConstraintForm-value-977" value="977" aria-label="!Fernet Stock  (2)">
                            <label for="frm-productFilter-brandConstraintForm-value-977">Fernet Stock  (2)</label>
                        </div>


                            <div class="form-row">
                            <input type="checkbox" name="value[]" onchange=" $('.filter-ajax-waiting').addClass('show');$(this).closest('form').submit();" id="frm-productFilter-brandConstraintForm-value-521" value="521" aria-label="!Finlandia (12)">
                            <label for="frm-productFilter-brandConstraintForm-value-521">Finlandia (12)</label>
                        </div>


                                                         <div class="form-row" style="display: none;">
                            <input type="checkbox" name="value[]" onchange=" $('.filter-ajax-waiting').addClass('show');$(this).closest('form').submit();" id="frm-productFilter-brandConstraintForm-value-3066" value="3066" aria-label="!Fiorelli (2)">
                            <label for="frm-productFilter-brandConstraintForm-value-3066">Fiorelli (2)</label>
                        </div>


                            <div class="form-row">
                            <input type="checkbox" name="value[]" onchange=" $('.filter-ajax-waiting').addClass('show');$(this).closest('form').submit();" id="frm-productFilter-brandConstraintForm-value-1822" value="1822" aria-label="!Fleret (10)">
                            <label for="frm-productFilter-brandConstraintForm-value-1822">Fleret (10)</label>
                        </div>


                                                         <div class="form-row" style="display: none;">
                            <input type="checkbox" name="value[]" onchange=" $('.filter-ajax-waiting').addClass('show');$(this).closest('form').submit();" id="frm-productFilter-brandConstraintForm-value-509" value="509" aria-label="!Fleret Trade (2)">
                            <label for="frm-productFilter-brandConstraintForm-value-509">Fleret Trade (2)</label>
                        </div>


                                                         <div class="form-row" style="display: none;">
                            <input type="checkbox" name="value[]" onchange=" $('.filter-ajax-waiting').addClass('show');$(this).closest('form').submit();" id="frm-productFilter-brandConstraintForm-value-2657" value="2657" aria-label="!Flirt Vodka (1)">
                            <label for="frm-productFilter-brandConstraintForm-value-2657">Flirt Vodka (1)</label>
                        </div>


                                                         <div class="form-row" style="display: none;">
                            <input type="checkbox" name="value[]" onchange=" $('.filter-ajax-waiting').addClass('show');$(this).closest('form').submit();" id="frm-productFilter-brandConstraintForm-value-534" value="534" aria-label="!Four Roses (2)">
                            <label for="frm-productFilter-brandConstraintForm-value-534">Four Roses (2)</label>
                        </div>


                            <div class="form-row">
                            <input type="checkbox" name="value[]" onchange=" $('.filter-ajax-waiting').addClass('show');$(this).closest('form').submit();" id="frm-productFilter-brandConstraintForm-value-1710" value="1710" aria-label="!Fruko Schulz (14)">
                            <label for="frm-productFilter-brandConstraintForm-value-1710">Fruko Schulz (14)</label>
                        </div>


                                                         <div class="form-row" style="display: none;">
                            <input type="checkbox" name="value[]" onchange=" $('.filter-ajax-waiting').addClass('show');$(this).closest('form').submit();" id="frm-productFilter-brandConstraintForm-value-504" value="504" aria-label="!GMG (1)">
                            <label for="frm-productFilter-brandConstraintForm-value-504">GMG (1)</label>
                        </div>


                                                         <div class="form-row" style="display: none;">
                            <input type="checkbox" name="value[]" onchange=" $('.filter-ajax-waiting').addClass('show');$(this).closest('form').submit();" id="frm-productFilter-brandConstraintForm-value-550" value="550" aria-label="!Garrone (6)">
                            <label for="frm-productFilter-brandConstraintForm-value-550">Garrone (6)</label>
                        </div>


                                                         <div class="form-row" style="display: none;">
                            <input type="checkbox" name="value[]" onchange=" $('.filter-ajax-waiting').addClass('show');$(this).closest('form').submit();" id="frm-productFilter-brandConstraintForm-value-535" value="535" aria-label="!Glenfiddich (2)">
                            <label for="frm-productFilter-brandConstraintForm-value-535">Glenfiddich (2)</label>
                        </div>


                                                         <div class="form-row" style="display: none;">
                            <input type="checkbox" name="value[]" onchange=" $('.filter-ajax-waiting').addClass('show');$(this).closest('form').submit();" id="frm-productFilter-brandConstraintForm-value-3488" value="3488" aria-label="!Glenn Hill (1)">
                            <label for="frm-productFilter-brandConstraintForm-value-3488">Glenn Hill (1)</label>
                        </div>


                                                         <div class="form-row" style="display: none;">
                            <input type="checkbox" name="value[]" onchange=" $('.filter-ajax-waiting').addClass('show');$(this).closest('form').submit();" id="frm-productFilter-brandConstraintForm-value-2925" value="2925" aria-label="!Godet (1)">
                            <label for="frm-productFilter-brandConstraintForm-value-2925">Godet (1)</label>
                        </div>


                                                         <div class="form-row" style="display: none;">
                            <input type="checkbox" name="value[]" onchange=" $('.filter-ajax-waiting').addClass('show');$(this).closest('form').submit();" id="frm-productFilter-brandConstraintForm-value-3432" value="3432" aria-label="!Gordon's (1)">
                            <label for="frm-productFilter-brandConstraintForm-value-3432">Gordon's (1)</label>
                        </div>


                                                         <div class="form-row" style="display: none;">
                            <input type="checkbox" name="value[]" onchange=" $('.filter-ajax-waiting').addClass('show');$(this).closest('form').submit();" id="frm-productFilter-brandConstraintForm-value-527" value="527" aria-label="!Granette (1)">
                            <label for="frm-productFilter-brandConstraintForm-value-527">Granette (1)</label>
                        </div>


                                                         <div class="form-row" style="display: none;">
                            <input type="checkbox" name="value[]" onchange=" $('.filter-ajax-waiting').addClass('show');$(this).closest('form').submit();" id="frm-productFilter-brandConstraintForm-value-536" value="536" aria-label="!Grant's (1)">
                            <label for="frm-productFilter-brandConstraintForm-value-536">Grant's (1)</label>
                        </div>


                                                         <div class="form-row" style="display: none;">
                            <input type="checkbox" name="value[]" onchange=" $('.filter-ajax-waiting').addClass('show');$(this).closest('form').submit();" id="frm-productFilter-brandConstraintForm-value-1732" value="1732" aria-label="!Grey Goose (2)">
                            <label for="frm-productFilter-brandConstraintForm-value-1732">Grey Goose (2)</label>
                        </div>


                                                         <div class="form-row" style="display: none;">
                            <input type="checkbox" name="value[]" onchange=" $('.filter-ajax-waiting').addClass('show');$(this).closest('form').submit();" id="frm-productFilter-brandConstraintForm-value-515" value="515" aria-label="!Hanácká (8)">
                            <label for="frm-productFilter-brandConstraintForm-value-515">Hanácká (8)</label>
                        </div>


                                                         <div class="form-row" style="display: none;">
                            <input type="checkbox" name="value[]" onchange=" $('.filter-ajax-waiting').addClass('show');$(this).closest('form').submit();" id="frm-productFilter-brandConstraintForm-value-516" value="516" aria-label="!Havana Club (7)">
                            <label for="frm-productFilter-brandConstraintForm-value-516">Havana Club (7)</label>
                        </div>


                                                         <div class="form-row" style="display: none;">
                            <input type="checkbox" name="value[]" onchange=" $('.filter-ajax-waiting').addClass('show');$(this).closest('form').submit();" id="frm-productFilter-brandConstraintForm-value-3513" value="3513" aria-label="!Imperial (1)">
                            <label for="frm-productFilter-brandConstraintForm-value-3513">Imperial (1)</label>
                        </div>


                                                         <div class="form-row" style="display: none;">
                            <input type="checkbox" name="value[]" onchange=" $('.filter-ajax-waiting').addClass('show');$(this).closest('form').submit();" id="frm-productFilter-brandConstraintForm-value-475" value="475" aria-label="!J.P. Chenet (2)">
                            <label for="frm-productFilter-brandConstraintForm-value-475">J.P. Chenet (2)</label>
                        </div>


                            <div class="form-row">
                            <input type="checkbox" name="value[]" onchange=" $('.filter-ajax-waiting').addClass('show');$(this).closest('form').submit();" id="frm-productFilter-brandConstraintForm-value-538" value="538" aria-label="!Jack Daniel's (10)">
                            <label for="frm-productFilter-brandConstraintForm-value-538">Jack Daniel's (10)</label>
                        </div>


                                                         <div class="form-row" style="display: none;">
                            <input type="checkbox" name="value[]" onchange=" $('.filter-ajax-waiting').addClass('show');$(this).closest('form').submit();" id="frm-productFilter-brandConstraintForm-value-2779" value="2779" aria-label="!Jagdtraum (1)">
                            <label for="frm-productFilter-brandConstraintForm-value-2779">Jagdtraum (1)</label>
                        </div>


                                                         <div class="form-row" style="display: none;">
                            <input type="checkbox" name="value[]" onchange=" $('.filter-ajax-waiting').addClass('show');$(this).closest('form').submit();" id="frm-productFilter-brandConstraintForm-value-539" value="539" aria-label="!Jameson (7)">
                            <label for="frm-productFilter-brandConstraintForm-value-539">Jameson (7)</label>
                        </div>


                                                         <div class="form-row" style="display: none;">
                            <input type="checkbox" name="value[]" onchange=" $('.filter-ajax-waiting').addClass('show');$(this).closest('form').submit();" id="frm-productFilter-brandConstraintForm-value-3514" value="3514" aria-label="!Jean Paul Loret (1)">
                            <label for="frm-productFilter-brandConstraintForm-value-3514">Jean Paul Loret (1)</label>
                        </div>


                                                         <div class="form-row" style="display: none;">
                            <input type="checkbox" name="value[]" onchange=" $('.filter-ajax-waiting').addClass('show');$(this).closest('form').submit();" id="frm-productFilter-brandConstraintForm-value-1138" value="1138" aria-label="!Jelzin (6)">
                            <label for="frm-productFilter-brandConstraintForm-value-1138">Jelzin (6)</label>
                        </div>


                                                         <div class="form-row" style="display: none;">
                            <input type="checkbox" name="value[]" onchange=" $('.filter-ajax-waiting').addClass('show');$(this).closest('form').submit();" id="frm-productFilter-brandConstraintForm-value-540" value="540" aria-label="!Jim Beam (3)">
                            <label for="frm-productFilter-brandConstraintForm-value-540">Jim Beam (3)</label>
                        </div>


                                                         <div class="form-row" style="display: none;">
                            <input type="checkbox" name="value[]" onchange=" $('.filter-ajax-waiting').addClass('show');$(this).closest('form').submit();" id="frm-productFilter-brandConstraintForm-value-3000" value="3000" aria-label="!JimBeam (1)">
                            <label for="frm-productFilter-brandConstraintForm-value-3000">JimBeam (1)</label>
                        </div>


                                                         <div class="form-row" style="display: none;">
                            <input type="checkbox" name="value[]" onchange=" $('.filter-ajax-waiting').addClass('show');$(this).closest('form').submit();" id="frm-productFilter-brandConstraintForm-value-2780" value="2780" aria-label="!John Medley´s (1)">
                            <label for="frm-productFilter-brandConstraintForm-value-2780">John Medley´s (1)</label>
                        </div>


                                                         <div class="form-row" style="display: none;">
                            <input type="checkbox" name="value[]" onchange=" $('.filter-ajax-waiting').addClass('show');$(this).closest('form').submit();" id="frm-productFilter-brandConstraintForm-value-541" value="541" aria-label="!Johnnie Walker (4)">
                            <label for="frm-productFilter-brandConstraintForm-value-541">Johnnie Walker (4)</label>
                        </div>


                                                         <div class="form-row" style="display: none;">
                            <input type="checkbox" name="value[]" onchange=" $('.filter-ajax-waiting').addClass('show');$(this).closest('form').submit();" id="frm-productFilter-brandConstraintForm-value-564" value="564" aria-label="!Jägermeister (2)">
                            <label for="frm-productFilter-brandConstraintForm-value-564">Jägermeister (2)</label>
                        </div>


                                                         <div class="form-row" style="display: none;">
                            <input type="checkbox" name="value[]" onchange=" $('.filter-ajax-waiting').addClass('show');$(this).closest('form').submit();" id="frm-productFilter-brandConstraintForm-value-2965" value="2965" aria-label="!KV 14 (1)">
                            <label for="frm-productFilter-brandConstraintForm-value-2965">KV 14 (1)</label>
                        </div>


                                                         <div class="form-row" style="display: none;">
                            <input type="checkbox" name="value[]" onchange=" $('.filter-ajax-waiting').addClass('show');$(this).closest('form').submit();" id="frm-productFilter-brandConstraintForm-value-2969" value="2969" aria-label="!Kahlua (2)">
                            <label for="frm-productFilter-brandConstraintForm-value-2969">Kahlua (2)</label>
                        </div>


                                                         <div class="form-row" style="display: none;">
                            <input type="checkbox" name="value[]" onchange=" $('.filter-ajax-waiting').addClass('show');$(this).closest('form').submit();" id="frm-productFilter-brandConstraintForm-value-3257" value="3257" aria-label="!Kensington (1)">
                            <label for="frm-productFilter-brandConstraintForm-value-3257">Kensington (1)</label>
                        </div>


                                                         <div class="form-row" style="display: none;">
                            <input type="checkbox" name="value[]" onchange=" $('.filter-ajax-waiting').addClass('show');$(this).closest('form').submit();" id="frm-productFilter-brandConstraintForm-value-2643" value="2643" aria-label="!Kentucky Jack (1)">
                            <label for="frm-productFilter-brandConstraintForm-value-2643">Kentucky Jack (1)</label>
                        </div>


                                                         <div class="form-row" style="display: none;">
                            <input type="checkbox" name="value[]" onchange=" $('.filter-ajax-waiting').addClass('show');$(this).closest('form').submit();" id="frm-productFilter-brandConstraintForm-value-3486" value="3486" aria-label="!King of Spirits (1)">
                            <label for="frm-productFilter-brandConstraintForm-value-3486">King of Spirits (1)</label>
                        </div>


                                                         <div class="form-row" style="display: none;">
                            <input type="checkbox" name="value[]" onchange=" $('.filter-ajax-waiting').addClass('show');$(this).closest('form').submit();" id="frm-productFilter-brandConstraintForm-value-562" value="562" aria-label="!Klášterní tajemství (1)">
                            <label for="frm-productFilter-brandConstraintForm-value-562">Klášterní tajemství (1)</label>
                        </div>


                                                         <div class="form-row" style="display: none;">
                            <input type="checkbox" name="value[]" onchange=" $('.filter-ajax-waiting').addClass('show');$(this).closest('form').submit();" id="frm-productFilter-brandConstraintForm-value-3345" value="3345" aria-label="!L'OR (2)">
                            <label for="frm-productFilter-brandConstraintForm-value-3345">L'OR (2)</label>
                        </div>


                                                         <div class="form-row" style="display: none;">
                            <input type="checkbox" name="value[]" onchange=" $('.filter-ajax-waiting').addClass('show');$(this).closest('form').submit();" id="frm-productFilter-brandConstraintForm-value-543" value="543" aria-label="!Label (1)">
                            <label for="frm-productFilter-brandConstraintForm-value-543">Label (1)</label>
                        </div>


                                                         <div class="form-row" style="display: none;">
                            <input type="checkbox" name="value[]" onchange=" $('.filter-ajax-waiting').addClass('show');$(this).closest('form').submit();" id="frm-productFilter-brandConstraintForm-value-544" value="544" aria-label="!Laphroaig (1)">
                            <label for="frm-productFilter-brandConstraintForm-value-544">Laphroaig (1)</label>
                        </div>


                                                         <div class="form-row" style="display: none;">
                            <input type="checkbox" name="value[]" onchange=" $('.filter-ajax-waiting').addClass('show');$(this).closest('form').submit();" id="frm-productFilter-brandConstraintForm-value-1081" value="1081" aria-label="!Legendario (1)">
                            <label for="frm-productFilter-brandConstraintForm-value-1081">Legendario (1)</label>
                        </div>


                                                         <div class="form-row" style="display: none;">
                            <input type="checkbox" name="value[]" onchange=" $('.filter-ajax-waiting').addClass('show');$(this).closest('form').submit();" id="frm-productFilter-brandConstraintForm-value-3030" value="3030" aria-label="!L´OR (4)">
                            <label for="frm-productFilter-brandConstraintForm-value-3030">L´OR (4)</label>
                        </div>


                                                         <div class="form-row" style="display: none;">
                            <input type="checkbox" name="value[]" onchange=" $('.filter-ajax-waiting').addClass('show');$(this).closest('form').submit();" id="frm-productFilter-brandConstraintForm-value-2629" value="2629" aria-label="!Lörch (1)">
                            <label for="frm-productFilter-brandConstraintForm-value-2629">Lörch (1)</label>
                        </div>


                                                         <div class="form-row" style="display: none;">
                            <input type="checkbox" name="value[]" onchange=" $('.filter-ajax-waiting').addClass('show');$(this).closest('form').submit();" id="frm-productFilter-brandConstraintForm-value-3077" value="3077" aria-label="!MG Gin (1)">
                            <label for="frm-productFilter-brandConstraintForm-value-3077">MG Gin (1)</label>
                        </div>


                                                         <div class="form-row" style="display: none;">
                            <input type="checkbox" name="value[]" onchange=" $('.filter-ajax-waiting').addClass('show');$(this).closest('form').submit();" id="frm-productFilter-brandConstraintForm-value-3324" value="3324" aria-label="!Macallan (1)">
                            <label for="frm-productFilter-brandConstraintForm-value-3324">Macallan (1)</label>
                        </div>


                                                         <div class="form-row" style="display: none;">
                            <input type="checkbox" name="value[]" onchange=" $('.filter-ajax-waiting').addClass('show');$(this).closest('form').submit();" id="frm-productFilter-brandConstraintForm-value-976" value="976" aria-label="!Magister (1)">
                            <label for="frm-productFilter-brandConstraintForm-value-976">Magister (1)</label>
                        </div>


                                                         <div class="form-row" style="display: none;">
                            <input type="checkbox" name="value[]" onchange=" $('.filter-ajax-waiting').addClass('show');$(this).closest('form').submit();" id="frm-productFilter-brandConstraintForm-value-3001" value="3001" aria-label="!Makers Mark (1)">
                            <label for="frm-productFilter-brandConstraintForm-value-3001">Makers Mark (1)</label>
                        </div>


                                                         <div class="form-row" style="display: none;">
                            <input type="checkbox" name="value[]" onchange=" $('.filter-ajax-waiting').addClass('show');$(this).closest('form').submit();" id="frm-productFilter-brandConstraintForm-value-556" value="556" aria-label="!Malibu (2)">
                            <label for="frm-productFilter-brandConstraintForm-value-556">Malibu (2)</label>
                        </div>


                                                         <div class="form-row" style="display: none;">
                            <input type="checkbox" name="value[]" onchange=" $('.filter-ajax-waiting').addClass('show');$(this).closest('form').submit();" id="frm-productFilter-brandConstraintForm-value-2974" value="2974" aria-label="!Martell (2)">
                            <label for="frm-productFilter-brandConstraintForm-value-2974">Martell (2)</label>
                        </div>


                                                         <div class="form-row" style="display: none;">
                            <input type="checkbox" name="value[]" onchange=" $('.filter-ajax-waiting').addClass('show');$(this).closest('form').submit();" id="frm-productFilter-brandConstraintForm-value-487" value="487" aria-label="!Martini (8)">
                            <label for="frm-productFilter-brandConstraintForm-value-487">Martini (8)</label>
                        </div>


                                                         <div class="form-row" style="display: none;">
                            <input type="checkbox" name="value[]" onchange=" $('.filter-ajax-waiting').addClass('show');$(this).closest('form').submit();" id="frm-productFilter-brandConstraintForm-value-3078" value="3078" aria-label="!Master's (1)">
                            <label for="frm-productFilter-brandConstraintForm-value-3078">Master's (1)</label>
                        </div>


                                                         <div class="form-row" style="display: none;">
                            <input type="checkbox" name="value[]" onchange=" $('.filter-ajax-waiting').addClass('show');$(this).closest('form').submit();" id="frm-productFilter-brandConstraintForm-value-496" value="496" aria-label="!Metaxa (6)">
                            <label for="frm-productFilter-brandConstraintForm-value-496">Metaxa (6)</label>
                        </div>


                                                         <div class="form-row" style="display: none;">
                            <input type="checkbox" name="value[]" onchange=" $('.filter-ajax-waiting').addClass('show');$(this).closest('form').submit();" id="frm-productFilter-brandConstraintForm-value-567" value="567" aria-label="!Metelka (3)">
                            <label for="frm-productFilter-brandConstraintForm-value-567">Metelka (3)</label>
                        </div>


                                                         <div class="form-row" style="display: none;">
                            <input type="checkbox" name="value[]" onchange=" $('.filter-ajax-waiting').addClass('show');$(this).closest('form').submit();" id="frm-productFilter-brandConstraintForm-value-574" value="574" aria-label="!Missis (5)">
                            <label for="frm-productFilter-brandConstraintForm-value-574">Missis (5)</label>
                        </div>


                                                         <div class="form-row" style="display: none;">
                            <input type="checkbox" name="value[]" onchange=" $('.filter-ajax-waiting').addClass('show');$(this).closest('form').submit();" id="frm-productFilter-brandConstraintForm-value-1082" value="1082" aria-label="!Negrita (1)">
                            <label for="frm-productFilter-brandConstraintForm-value-1082">Negrita (1)</label>
                        </div>


                                                         <div class="form-row" style="display: none;">
                            <input type="checkbox" name="value[]" onchange=" $('.filter-ajax-waiting').addClass('show');$(this).closest('form').submit();" id="frm-productFilter-brandConstraintForm-value-523" value="523" aria-label="!Nordic Ice (2)">
                            <label for="frm-productFilter-brandConstraintForm-value-523">Nordic Ice (2)</label>
                        </div>


                                                         <div class="form-row" style="display: none;">
                            <input type="checkbox" name="value[]" onchange=" $('.filter-ajax-waiting').addClass('show');$(this).closest('form').submit();" id="frm-productFilter-brandConstraintForm-value-576" value="576" aria-label="!Old Distillerie (2)">
                            <label for="frm-productFilter-brandConstraintForm-value-576">Old Distillerie (2)</label>
                        </div>


                                                         <div class="form-row" style="display: none;">
                            <input type="checkbox" name="value[]" onchange=" $('.filter-ajax-waiting').addClass('show');$(this).closest('form').submit();" id="frm-productFilter-brandConstraintForm-value-2633" value="2633" aria-label="!Olé Mexicana (2)">
                            <label for="frm-productFilter-brandConstraintForm-value-2633">Olé Mexicana (2)</label>
                        </div>


                                                         <div class="form-row" style="display: none;">
                            <input type="checkbox" name="value[]" onchange=" $('.filter-ajax-waiting').addClass('show');$(this).closest('form').submit();" id="frm-productFilter-brandConstraintForm-value-2646" value="2646" aria-label="!Osborne (1)">
                            <label for="frm-productFilter-brandConstraintForm-value-2646">Osborne (1)</label>
                        </div>


                                                         <div class="form-row" style="display: none;">
                            <input type="checkbox" name="value[]" onchange=" $('.filter-ajax-waiting').addClass('show');$(this).closest('form').submit();" id="frm-productFilter-brandConstraintForm-value-3435" value="3435" aria-label="!Paddy (2)">
                            <label for="frm-productFilter-brandConstraintForm-value-3435">Paddy (2)</label>
                        </div>


                                                         <div class="form-row" style="display: none;">
                            <input type="checkbox" name="value[]" onchange=" $('.filter-ajax-waiting').addClass('show');$(this).closest('form').submit();" id="frm-productFilter-brandConstraintForm-value-510" value="510" aria-label="!Palírna U Zeleného Stromu (2)">
                            <label for="frm-productFilter-brandConstraintForm-value-510">Palírna U Zeleného Stromu (2)</label>
                        </div>


                                                         <div class="form-row" style="display: none;">
                            <input type="checkbox" name="value[]" onchange=" $('.filter-ajax-waiting').addClass('show');$(this).closest('form').submit();" id="frm-productFilter-brandConstraintForm-value-3436" value="3436" aria-label="!Pampero (1)">
                            <label for="frm-productFilter-brandConstraintForm-value-3436">Pampero (1)</label>
                        </div>


                                                         <div class="form-row" style="display: none;">
                            <input type="checkbox" name="value[]" onchange=" $('.filter-ajax-waiting').addClass('show');$(this).closest('form').submit();" id="frm-productFilter-brandConstraintForm-value-3353" value="3353" aria-label="!Pepe Lopez (2)">
                            <label for="frm-productFilter-brandConstraintForm-value-3353">Pepe Lopez (2)</label>
                        </div>


                                                         <div class="form-row" style="display: none;">
                            <input type="checkbox" name="value[]" onchange=" $('.filter-ajax-waiting').addClass('show');$(this).closest('form').submit();" id="frm-productFilter-brandConstraintForm-value-3485" value="3485" aria-label="!Petit Frere (1)">
                            <label for="frm-productFilter-brandConstraintForm-value-3485">Petit Frere (1)</label>
                        </div>


                                                         <div class="form-row" style="display: none;">
                            <input type="checkbox" name="value[]" onchange=" $('.filter-ajax-waiting').addClass('show');$(this).closest('form').submit();" id="frm-productFilter-brandConstraintForm-value-3002" value="3002" aria-label="!Pitú Cachaca                                                (1)">
                            <label for="frm-productFilter-brandConstraintForm-value-3002">Pitú Cachaca                                                (1)</label>
                        </div>


                                                         <div class="form-row" style="display: none;">
                            <input type="checkbox" name="value[]" onchange=" $('.filter-ajax-waiting').addClass('show');$(this).closest('form').submit();" id="frm-productFilter-brandConstraintForm-value-524" value="524" aria-label="!Pražská (1)">
                            <label for="frm-productFilter-brandConstraintForm-value-524">Pražská (1)</label>
                        </div>


                                                         <div class="form-row" style="display: none;">
                            <input type="checkbox" name="value[]" onchange=" $('.filter-ajax-waiting').addClass('show');$(this).closest('form').submit();" id="frm-productFilter-brandConstraintForm-value-1142" value="1142" aria-label="!Puschkin (2)">
                            <label for="frm-productFilter-brandConstraintForm-value-1142">Puschkin (2)</label>
                        </div>


                            <div class="form-row">
                            <input type="checkbox" name="value[]" onchange=" $('.filter-ajax-waiting').addClass('show');$(this).closest('form').submit();" id="frm-productFilter-brandConstraintForm-value-506" value="506" aria-label="!R. JELÍNEK (30)">
                            <label for="frm-productFilter-brandConstraintForm-value-506">R. JELÍNEK (30)</label>
                        </div>


                                                         <div class="form-row" style="display: none;">
                            <input type="checkbox" name="value[]" onchange=" $('.filter-ajax-waiting').addClass('show');$(this).closest('form').submit();" id="frm-productFilter-brandConstraintForm-value-2970" value="2970" aria-label="!Ramazzotti (4)">
                            <label for="frm-productFilter-brandConstraintForm-value-2970">Ramazzotti (4)</label>
                        </div>


                                                         <div class="form-row" style="display: none;">
                            <input type="checkbox" name="value[]" onchange=" $('.filter-ajax-waiting').addClass('show');$(this).closest('form').submit();" id="frm-productFilter-brandConstraintForm-value-1146" value="1146" aria-label="!Red Label  (1)">
                            <label for="frm-productFilter-brandConstraintForm-value-1146">Red Label  (1)</label>
                        </div>


                                                         <div class="form-row" style="display: none;">
                            <input type="checkbox" name="value[]" onchange=" $('.filter-ajax-waiting').addClass('show');$(this).closest('form').submit();" id="frm-productFilter-brandConstraintForm-value-974" value="974" aria-label="!Riemerschmid (1)">
                            <label for="frm-productFilter-brandConstraintForm-value-974">Riemerschmid (1)</label>
                        </div>


                                                         <div class="form-row" style="display: none;">
                            <input type="checkbox" name="value[]" onchange=" $('.filter-ajax-waiting').addClass('show');$(this).closest('form').submit();" id="frm-productFilter-brandConstraintForm-value-650" value="650" aria-label="!Ron Caney (1)">
                            <label for="frm-productFilter-brandConstraintForm-value-650">Ron Caney (1)</label>
                        </div>


                                                         <div class="form-row" style="display: none;">
                            <input type="checkbox" name="value[]" onchange=" $('.filter-ajax-waiting').addClass('show');$(this).closest('form').submit();" id="frm-productFilter-brandConstraintForm-value-2787" value="2787" aria-label="!Roullet (1)">
                            <label for="frm-productFilter-brandConstraintForm-value-2787">Roullet (1)</label>
                        </div>


                                                         <div class="form-row" style="display: none;">
                            <input type="checkbox" name="value[]" onchange=" $('.filter-ajax-waiting').addClass('show');$(this).closest('form').submit();" id="frm-productFilter-brandConstraintForm-value-558" value="558" aria-label="!Royal (6)">
                            <label for="frm-productFilter-brandConstraintForm-value-558">Royal (6)</label>
                        </div>


                                                         <div class="form-row" style="display: none;">
                            <input type="checkbox" name="value[]" onchange=" $('.filter-ajax-waiting').addClass('show');$(this).closest('form').submit();" id="frm-productFilter-brandConstraintForm-value-552" value="552" aria-label="!Royal Oporto (1)">
                            <label for="frm-productFilter-brandConstraintForm-value-552">Royal Oporto (1)</label>
                        </div>


                                                         <div class="form-row" style="display: none;">
                            <input type="checkbox" name="value[]" onchange=" $('.filter-ajax-waiting').addClass('show');$(this).closest('form').submit();" id="frm-productFilter-brandConstraintForm-value-2983" value="2983" aria-label="!Russian Crown (1)">
                            <label for="frm-productFilter-brandConstraintForm-value-2983">Russian Crown (1)</label>
                        </div>


                                                         <div class="form-row" style="display: none;">
                            <input type="checkbox" name="value[]" onchange=" $('.filter-ajax-waiting').addClass('show');$(this).closest('form').submit();" id="frm-productFilter-brandConstraintForm-value-525" value="525" aria-label="!Russian Standard (2)">
                            <label for="frm-productFilter-brandConstraintForm-value-525">Russian Standard (2)</label>
                        </div>


                                                         <div class="form-row" style="display: none;">
                            <input type="checkbox" name="value[]" onchange=" $('.filter-ajax-waiting').addClass('show');$(this).closest('form').submit();" id="frm-productFilter-brandConstraintForm-value-497" value="497" aria-label="!Rémy Martin (1)">
                            <label for="frm-productFilter-brandConstraintForm-value-497">Rémy Martin (1)</label>
                        </div>


                                                         <div class="form-row" style="display: none;">
                            <input type="checkbox" name="value[]" onchange=" $('.filter-ajax-waiting').addClass('show');$(this).closest('form').submit();" id="frm-productFilter-brandConstraintForm-value-3552" value="3552" aria-label="!Sailor Jerry (1)">
                            <label for="frm-productFilter-brandConstraintForm-value-3552">Sailor Jerry (1)</label>
                        </div>


                                                         <div class="form-row" style="display: none;">
                            <input type="checkbox" name="value[]" onchange=" $('.filter-ajax-waiting').addClass('show');$(this).closest('form').submit();" id="frm-productFilter-brandConstraintForm-value-553" value="553" aria-label="!Sandeman (3)">
                            <label for="frm-productFilter-brandConstraintForm-value-553">Sandeman (3)</label>
                        </div>


                                                         <div class="form-row" style="display: none;">
                            <input type="checkbox" name="value[]" onchange=" $('.filter-ajax-waiting').addClass('show');$(this).closest('form').submit();" id="frm-productFilter-brandConstraintForm-value-3438" value="3438" aria-label="!Sauza (2)">
                            <label for="frm-productFilter-brandConstraintForm-value-3438">Sauza (2)</label>
                        </div>


                                                         <div class="form-row" style="display: none;">
                            <input type="checkbox" name="value[]" onchange=" $('.filter-ajax-waiting').addClass('show');$(this).closest('form').submit();" id="frm-productFilter-brandConstraintForm-value-3437" value="3437" aria-label="!Sierra Milenario (1)">
                            <label for="frm-productFilter-brandConstraintForm-value-3437">Sierra Milenario (1)</label>
                        </div>


                                                         <div class="form-row" style="display: none;">
                            <input type="checkbox" name="value[]" onchange=" $('.filter-ajax-waiting').addClass('show');$(this).closest('form').submit();" id="frm-productFilter-brandConstraintForm-value-2999" value="2999" aria-label="!Sierra Tequila (1)">
                            <label for="frm-productFilter-brandConstraintForm-value-2999">Sierra Tequila (1)</label>
                        </div>


                                                         <div class="form-row" style="display: none;">
                            <input type="checkbox" name="value[]" onchange=" $('.filter-ajax-waiting').addClass('show');$(this).closest('form').submit();" id="frm-productFilter-brandConstraintForm-value-578" value="578" aria-label="!Smirnoff (1)">
                            <label for="frm-productFilter-brandConstraintForm-value-578">Smirnoff (1)</label>
                        </div>


                                                         <div class="form-row" style="display: none;">
                            <input type="checkbox" name="value[]" onchange=" $('.filter-ajax-waiting').addClass('show');$(this).closest('form').submit();" id="frm-productFilter-brandConstraintForm-value-1730" value="1730" aria-label="!Sombrero (2)">
                            <label for="frm-productFilter-brandConstraintForm-value-1730">Sombrero (2)</label>
                        </div>


                                                         <div class="form-row" style="display: none;">
                            <input type="checkbox" name="value[]" onchange=" $('.filter-ajax-waiting').addClass('show');$(this).closest('form').submit();" id="frm-productFilter-brandConstraintForm-value-559" value="559" aria-label="!Squash (4)">
                            <label for="frm-productFilter-brandConstraintForm-value-559">Squash (4)</label>
                        </div>


                            <div class="form-row">
                            <input type="checkbox" name="value[]" onchange=" $('.filter-ajax-waiting').addClass('show');$(this).closest('form').submit();" id="frm-productFilter-brandConstraintForm-value-512" value="512" aria-label="!St. Nicolaus (10)">
                            <label for="frm-productFilter-brandConstraintForm-value-512">St. Nicolaus (10)</label>
                        </div>


                                                         <div class="form-row" style="display: none;">
                            <input type="checkbox" name="value[]" onchange=" $('.filter-ajax-waiting').addClass('show');$(this).closest('form').submit();" id="frm-productFilter-brandConstraintForm-value-3033" value="3033" aria-label="!Starorežná (1)">
                            <label for="frm-productFilter-brandConstraintForm-value-3033">Starorežná (1)</label>
                        </div>


                                                         <div class="form-row" style="display: none;">
                            <input type="checkbox" name="value[]" onchange=" $('.filter-ajax-waiting').addClass('show');$(this).closest('form').submit();" id="frm-productFilter-brandConstraintForm-value-498" value="498" aria-label="!Stará Myslivecká (4)">
                            <label for="frm-productFilter-brandConstraintForm-value-498">Stará Myslivecká (4)</label>
                        </div>


                            <div class="form-row">
                            <input type="checkbox" name="value[]" onchange=" $('.filter-ajax-waiting').addClass('show');$(this).closest('form').submit();" id="frm-productFilter-brandConstraintForm-value-499" value="499" aria-label="!Stock (10)">
                            <label for="frm-productFilter-brandConstraintForm-value-499">Stock (10)</label>
                        </div>


                                                         <div class="form-row" style="display: none;">
                            <input type="checkbox" name="value[]" onchange=" $('.filter-ajax-waiting').addClass('show');$(this).closest('form').submit();" id="frm-productFilter-brandConstraintForm-value-526" value="526" aria-label="!Stolichnaya (1)">
                            <label for="frm-productFilter-brandConstraintForm-value-526">Stolichnaya (1)</label>
                        </div>


                                                         <div class="form-row" style="display: none;">
                            <input type="checkbox" name="value[]" onchange=" $('.filter-ajax-waiting').addClass('show');$(this).closest('form').submit();" id="frm-productFilter-brandConstraintForm-value-548" value="548" aria-label="!Talisker (1)">
                            <label for="frm-productFilter-brandConstraintForm-value-548">Talisker (1)</label>
                        </div>


                                                         <div class="form-row" style="display: none;">
                            <input type="checkbox" name="value[]" onchange=" $('.filter-ajax-waiting').addClass('show');$(this).closest('form').submit();" id="frm-productFilter-brandConstraintForm-value-1244" value="1244" aria-label="!Tanqueray (1)">
                            <label for="frm-productFilter-brandConstraintForm-value-1244">Tanqueray (1)</label>
                        </div>


                                                         <div class="form-row" style="display: none;">
                            <input type="checkbox" name="value[]" onchange=" $('.filter-ajax-waiting').addClass('show');$(this).closest('form').submit();" id="frm-productFilter-brandConstraintForm-value-1246" value="1246" aria-label="!Tatratea (5)">
                            <label for="frm-productFilter-brandConstraintForm-value-1246">Tatratea (5)</label>
                        </div>


                                                         <div class="form-row" style="display: none;">
                            <input type="checkbox" name="value[]" onchange=" $('.filter-ajax-waiting').addClass('show');$(this).closest('form').submit();" id="frm-productFilter-brandConstraintForm-value-2623" value="2623" aria-label="!Three Sixty (3)">
                            <label for="frm-productFilter-brandConstraintForm-value-2623">Three Sixty (3)</label>
                        </div>


                                                         <div class="form-row" style="display: none;">
                            <input type="checkbox" name="value[]" onchange=" $('.filter-ajax-waiting').addClass('show');$(this).closest('form').submit();" id="frm-productFilter-brandConstraintForm-value-654" value="654" aria-label="!Trul (1)">
                            <label for="frm-productFilter-brandConstraintForm-value-654">Trul (1)</label>
                        </div>


                                                         <div class="form-row" style="display: none;">
                            <input type="checkbox" name="value[]" onchange=" $('.filter-ajax-waiting').addClass('show');$(this).closest('form').submit();" id="frm-productFilter-brandConstraintForm-value-549" value="549" aria-label="!Tullamore Dew (4)">
                            <label for="frm-productFilter-brandConstraintForm-value-549">Tullamore Dew (4)</label>
                        </div>


                                                         <div class="form-row" style="display: none;">
                            <input type="checkbox" name="value[]" onchange=" $('.filter-ajax-waiting').addClass('show');$(this).closest('form').submit();" id="frm-productFilter-brandConstraintForm-value-2644" value="2644" aria-label="!United Brands (3)">
                            <label for="frm-productFilter-brandConstraintForm-value-2644">United Brands (3)</label>
                        </div>


                                                         <div class="form-row" style="display: none;">
                            <input type="checkbox" name="value[]" onchange=" $('.filter-ajax-waiting').addClass('show');$(this).closest('form').submit();" id="frm-productFilter-brandConstraintForm-value-2975" value="2975" aria-label="!Velho Barreiro (1)">
                            <label for="frm-productFilter-brandConstraintForm-value-2975">Velho Barreiro (1)</label>
                        </div>


                                                         <div class="form-row" style="display: none;">
                            <input type="checkbox" name="value[]" onchange=" $('.filter-ajax-waiting').addClass('show');$(this).closest('form').submit();" id="frm-productFilter-brandConstraintForm-value-483" value="483" aria-label="!Villa Italia (1)">
                            <label for="frm-productFilter-brandConstraintForm-value-483">Villa Italia (1)</label>
                        </div>


                                                         <div class="form-row" style="display: none;">
                            <input type="checkbox" name="value[]" onchange=" $('.filter-ajax-waiting').addClass('show');$(this).closest('form').submit();" id="frm-productFilter-brandConstraintForm-value-1248" value="1248" aria-label="!Wild Turkey (1)">
                            <label for="frm-productFilter-brandConstraintForm-value-1248">Wild Turkey (1)</label>
                        </div>


                                                         <div class="form-row" style="display: none;">
                            <input type="checkbox" name="value[]" onchange=" $('.filter-ajax-waiting').addClass('show');$(this).closest('form').submit();" id="frm-productFilter-brandConstraintForm-value-2924" value="2924" aria-label="!Zacapa (2)">
                            <label for="frm-productFilter-brandConstraintForm-value-2924">Zacapa (2)</label>
                        </div>


                                                         <div class="form-row" style="display: none;">
                            <input type="checkbox" name="value[]" onchange=" $('.filter-ajax-waiting').addClass('show');$(this).closest('form').submit();" id="frm-productFilter-brandConstraintForm-value-2186" value="2186" aria-label="!Žufánek (3)">
                            <label for="frm-productFilter-brandConstraintForm-value-2186">Žufánek (3)</label>
                        </div>

																<a class="show-more-brands link-red">více značek</a>
																<a class="show-less-brands link-red" style="display: none;">méně značek</a>
                            <br><br>
                            <a class="link-red align-right" href="/napoje/lihoviny?do=productFilter-reset">zrušit filtr</a>
                </div>
                                <input type="hidden" name="do" value="productFilter-brandConstraintForm-submit">
        <!--[if IE]><input type=IEbug disabled style="display:none"><![endif]-->
</form>

</div>
                                                                    </div>
<script type="text/javascript" id="snippet-productFilter-scriptArea">
	$('.filter-more-result-column').hide();

//    $(document).ready(function () {
        $(document).ajaxComplete(function() {

            $('.filter-ajax-waiting').removeClass('show');


            var brandClass = 'show';
            var formRowClass = 'form-row';
            var filterCategoriesClass = 'filter-categories';
            var buttonsShowMoreClass = 'show-more-brands';
            var buttonsShowLessClass = 'show-less-brands';
            var filters = $('.filter-more-result');
            var defaultFilterInputs = {"brand":[506,514,87,520,1710,521,512,1822,499,538]};

            function hideCheckboxes(rows, key) {

                if (rows.legnth <= 10) {
                    return;
                }

            rows.each(function (i, e) {
                var val = +$(e).find("input").val();
                var arr = defaultFilterInputs[key];

                if ($.inArray(val, arr) === -1) {
                    $(e).hide();
                }
            });
        }

            $('.' + buttonsShowMoreClass).on('click', function (e) {
                e.stopPropagation();

                var filterCategories = $(this).closest('.' + filterCategoriesClass);

                for (var key in defaultFilterInputs) {
                    if (defaultFilterInputs.hasOwnProperty(key)) {
                        if (filterCategories.attr("id") === "filter-" + key) {
                            continue;
                        }
                        var rows = $('#filter-' + key + ' .' + formRowClass);
                        hideCheckboxes(rows, key);
                        $('#filter-' + key + ' .' + buttonsShowMoreClass).show();
                    }
                }

                filterCategories
                        .find('.' + formRowClass)
                        .show();

                $('.' + buttonsShowLessClass).hide();

                filterCategories
                        .find('.' + buttonsShowLessClass)
                        .show();

                $(this).hide();
            });


            $('.' + buttonsShowLessClass).on('click', function (e) {
                e.stopPropagation();

                var filterCategories = $(this).closest('.' + filterCategoriesClass);
                var key = filterCategories.attr("id").split("-")[1];
                var rows = filterCategories.find('.' + formRowClass);

                hideCheckboxes(rows, key);

                filterCategories
                        .find('.' + buttonsShowMoreClass)
                        .show();

                $(this).hide();
            });

            filters.on('click', function(e){
                e.stopPropagation();
            });

            $('html, body').on('click', function(){
                filters.removeClass(brandClass);
            });

            $('.filter-more-result .kosik-modal-close').on('click', function () {
                filters.removeClass(brandClass);
            });

            $('.filter-constraint').each(function () {
                enableAutoSubmit('#' + $(this).attr('id'));
            });

            function enableAutoSubmit(selector) {

                if ($(selector).hasClass('filter-range')) {
                    $(document).on('mouseup', selector, function () {
                        $('.filter-ajax-waiting').addClass('show');
                        $(this).closest('form').submit();
                    });
                }

//                $(document).ajaxComplete(function(){
//                    $('.filter-ajax-waiting').removeClass('show');
//                })
            }
        });
//    });
</script>
				</div>
			</div>
		</div>

		<div class="region-products-popular">
		<div class="region region-carousel region-products no-aside product-widget">
			<div class="home-product-widget region-inner region-products-inner slick-carousel" data-open="3" data-close="4">
				<div class="block block-title">
					<h3>Dárková balení</h3>
				</div>
<script async>

    var onProductModalDestroy = function() {

    	var pageData = window.dataLayer[0];

        pageData["event"] = "ga.pageview";
        pageData["pagePath"] = window.location.pathname;
        pageData["pageTitle"] = window.document.title;

	    dataLayer.push(pageData);
    };
</script>
<div class="block block-product-items product-items" data-ajax-append="product-item" id="snippet-productWidget-widgetCarousel-1-productListArea">
    <div id="product-append-50478" class="product-item">
        <div class="product-item-flags">
            <div class="flag-sale ">
                <span class="percents">8<small>&#37;</small></span>
            </div>
        </div>
        <div class="product-item-image">
                <a data-href="/napoje/lihoviny?productWidget-widgetCarousel-1-id=50478&amp;do=productWidget-widgetCarousel-1-modal"
                   data-target="productWidget-widgetCarousel-1-productModal"
                   data-product-id="50478"
                   data-product-price="749"
                   data-page-title="Jack Daniel´s Whisky dárkové balení ( + 2 plecháčky) 0,7l"
                   data-page-path="/produkt/50478-jack-daniels-whisky-darkove-baleni-2-plechacky-0-7l"
                   data-user-id=""
                   aria-hidden="true"
                   data-kosikmodal-onclose="onProductModalDestroy"
                   onclick="kosikAjax.click(this, initModalCarousel(this))">
                    <img src="https://cdn.kosik.cz/content/product/jpg/list/placeholder.jpg" data-src="https://cdn.kosik.cz/content/product/jpg/list/67990.jpg" alt="Jack Daniel´s Whisky dárkové balení ( + 2 plecháčky) 0,7l" class="loading-images loading-image">
                </a>




        </div>
                <div class="product-item-info">
                <h5><a href="javascript:void(0)" aria-label="Jack Daniel´s Whisky dárkové balení ( + 2 plecháčky) 0,7l" data-href="/napoje/lihoviny?productWidget-widgetCarousel-1-id=50478&amp;do=productWidget-widgetCarousel-1-modal" class="product-name modal-link"
                   data-target="productWidget-widgetCarousel-1-productModal" onclick="kosikAjax.click(this, initModalCarousel(this))">
                    Jack Daniel´s Whisky dárkové balení ( + 2 plecháčky) 0,7l
                    <br><span class="new-product">Novinka</span>
                </a></h5>
            <p class="product-item-price product-in-discount">
                <span class="price-before-discount">
					<span><strong class="price">749,00 Kč</strong></span>
				</span>
                <strong class="price">689,00 Kč</strong>

            </p>
            <p class="product-item-unit">
                    (<strong class="price">984,30 Kč</strong> / l)
            </p>
                        <div class="product-list-rating">
            </div>
<div id="snippet-productWidget-widgetCarousel-1-buy-50478-quantity">        <div class="product-quantity-control">
            <form action="/napoje/lihoviny" method="post" class="ajax" id="frm-productWidget-widgetCarousel-1-buy-50478-quantityForm">
                <input type="text" name="quantity" size="3" id="frm-productWidget-widgetCarousel-1-buy-50478-quantityForm-quantity" data-nette-rules='[{"op":":integer","msg":"Množství musí být číslo."}]' value="1" aria-label="počet k přidání">
                <input type="submit" name="_submit" value="Přidat" class="product-quantity-control-submit plus" aria-label="přidat počet do košíku">
            <input type="hidden" name="do" value="productWidget-widgetCarousel-1-buy-50478-quantityForm-submit"><!--[if IE]><input type=IEbug disabled style="display:none"><![endif]-->
</form>

        </div>
</div>
                <p class="product-incart-info accessible">Produkt nemáte v košíku</p>


        </div>

        
    </div>
    <div id="product-append-50477" class="product-item">
        <div class="product-item-flags">
            <div class="flag-sale ">
                <span class="percents">19<small>&#37;</small></span>
            </div>
        </div>
        <div class="product-item-image">
                <a data-href="/napoje/lihoviny?productWidget-widgetCarousel-1-id=50477&amp;do=productWidget-widgetCarousel-1-modal"
                   data-target="productWidget-widgetCarousel-1-productModal"
                   data-product-id="50477"
                   data-product-price="739"
                   data-page-title="Jack Daniel's Tennessee Whiskey dárkové balení (+ 2 skleničky) 0,7l"
                   data-page-path="/produkt/50477-jack-daniel-s-tennessee-whiskey-darkove-baleni-2-sklenicky-0-7l"
                   data-user-id=""
                   aria-hidden="true"
                   data-kosikmodal-onclose="onProductModalDestroy"
                   onclick="kosikAjax.click(this, initModalCarousel(this))">
                    <img src="https://cdn.kosik.cz/content/product/jpg/list/placeholder.jpg" data-src="https://cdn.kosik.cz/content/product/jpg/list/67989.jpg" alt="Jack Daniel's Tennessee Whiskey dárkové balení (+ 2 skleničky) 0,7l" class="loading-images loading-image">
                </a>




        </div>
                <div class="product-item-info">
                <h5><a href="javascript:void(0)" aria-label="Jack Daniel's Tennessee Whiskey dárkové balení (+ 2 skleničky) 0,7l" data-href="/napoje/lihoviny?productWidget-widgetCarousel-1-id=50477&amp;do=productWidget-widgetCarousel-1-modal" class="product-name modal-link"
                   data-target="productWidget-widgetCarousel-1-productModal" onclick="kosikAjax.click(this, initModalCarousel(this))">
                    Jack Daniel's Tennessee Whiskey dárkové balení (+ 2 skleničky) 0,7l
                    <br><span class="new-product">Novinka</span>
                </a></h5>
            <p class="product-item-price product-in-discount">
                <span class="price-before-discount">
					<span><strong class="price">739,00 Kč</strong></span>
				</span>
                <strong class="price">599,00 Kč</strong>

            </p>
            <p class="product-item-unit">
                    (<strong class="price">855,70 Kč</strong> / l)
            </p>
                        <div class="product-list-rating">
            </div>
<div id="snippet-productWidget-widgetCarousel-1-buy-50477-quantity">        <div class="product-quantity-control">
            <form action="/napoje/lihoviny" method="post" class="ajax" id="frm-productWidget-widgetCarousel-1-buy-50477-quantityForm">
                <input type="text" name="quantity" size="3" id="frm-productWidget-widgetCarousel-1-buy-50477-quantityForm-quantity" data-nette-rules='[{"op":":integer","msg":"Množství musí být číslo."}]' value="1" aria-label="počet k přidání">
                <input type="submit" name="_submit" value="Přidat" class="product-quantity-control-submit plus" aria-label="přidat počet do košíku">
            <input type="hidden" name="do" value="productWidget-widgetCarousel-1-buy-50477-quantityForm-submit"><!--[if IE]><input type=IEbug disabled style="display:none"><![endif]-->
</form>

        </div>
</div>
                <p class="product-incart-info accessible">Produkt nemáte v košíku</p>


        </div>

        
    </div>
    <div id="product-append-34054" class="product-item">
        <div class="product-item-flags">
            <div class="flag-sale ">
                <span class="percents">14<small>&#37;</small></span>
            </div>
        </div>
        <div class="product-item-image">
                <a data-href="/napoje/lihoviny?productWidget-widgetCarousel-1-id=34054&amp;do=productWidget-widgetCarousel-1-modal"
                   data-target="productWidget-widgetCarousel-1-productModal"
                   data-product-id="34054"
                   data-product-price="1399"
                   data-page-title="Ron Zacapa Centenario, Solera Gran Reserve 23YO Rum 40% 1l"
                   data-page-path="/produkt/34054-ron-zacapa-centenario-solera-gran-reserve-23yo-rum-40-1l"
                   data-user-id=""
                   aria-hidden="true"
                   data-kosikmodal-onclose="onProductModalDestroy"
                   onclick="kosikAjax.click(this, initModalCarousel(this))">
                    <img src="https://cdn.kosik.cz/content/product/jpg/list/placeholder.jpg" data-src="https://cdn.kosik.cz/content/product/jpg/list/49712.jpg" alt="Ron Zacapa Centenario, Solera Gran Reserve 23YO Rum 40% 1l" class="loading-images loading-image">
                </a>




        </div>
                <div class="product-item-info">
                <h5><a href="javascript:void(0)" aria-label="Ron Zacapa Centenario, Solera Gran Reserve 23YO Rum 40% 1l" data-href="/napoje/lihoviny?productWidget-widgetCarousel-1-id=34054&amp;do=productWidget-widgetCarousel-1-modal" class="product-name modal-link"
                   data-target="productWidget-widgetCarousel-1-productModal" onclick="kosikAjax.click(this, initModalCarousel(this))">
                    Ron Zacapa Centenario, Solera Gran Reserve 23YO Rum 40% 1l
                    
                </a></h5>
            <p class="product-item-price product-in-discount">
                <span class="price-before-discount">
					<span><strong class="price">1 399,00 Kč</strong></span>
				</span>
                <strong class="price">1 199,00 Kč</strong>

            </p>
            <p class="product-item-unit">
                    (<strong class="price">1 199,00 Kč</strong> / l)
            </p>
                        <div class="product-list-rating">
            </div>
<div id="snippet-productWidget-widgetCarousel-1-buy-34054-quantity">        <div class="product-quantity-control">
            <form action="/napoje/lihoviny" method="post" class="ajax" id="frm-productWidget-widgetCarousel-1-buy-34054-quantityForm">
                <input type="text" name="quantity" size="3" id="frm-productWidget-widgetCarousel-1-buy-34054-quantityForm-quantity" data-nette-rules='[{"op":":integer","msg":"Množství musí být číslo."}]' value="1" aria-label="počet k přidání">
                <input type="submit" name="_submit" value="Přidat" class="product-quantity-control-submit plus" aria-label="přidat počet do košíku">
            <input type="hidden" name="do" value="productWidget-widgetCarousel-1-buy-34054-quantityForm-submit"><!--[if IE]><input type=IEbug disabled style="display:none"><![endif]-->
</form>

        </div>
</div>
                <p class="product-incart-info accessible">Produkt nemáte v košíku</p>


        </div>

        
    </div>
    <div id="product-append-24936" class="product-item">
        <div class="product-item-flags">
            <div class="flag-sale ">
                <span class="percents">15<small>&#37;</small></span>
            </div>
        </div>
        <div class="product-item-image">
                <a data-href="/napoje/lihoviny?productWidget-widgetCarousel-1-id=24936&amp;do=productWidget-widgetCarousel-1-modal"
                   data-target="productWidget-widgetCarousel-1-productModal"
                   data-product-id="24936"
                   data-product-price="3399"
                   data-page-title="Camus X.O. Cognac 40%  0,7l"
                   data-page-path="/produkt/24936-camus-x-o-cognac-40-0-7l"
                   data-user-id=""
                   aria-hidden="true"
                   data-kosikmodal-onclose="onProductModalDestroy"
                   onclick="kosikAjax.click(this, initModalCarousel(this))">
                    <img src="https://cdn.kosik.cz/content/product/jpg/list/placeholder.jpg" data-src="https://cdn.kosik.cz/content/product/jpg/list/42209.jpg" alt="Camus X.O. Cognac 40%  0,7l" class="loading-images loading-image">
                </a>




        </div>
                <div class="product-item-info">
                <h5><a href="javascript:void(0)" aria-label="Camus X.O. Cognac 40%  0,7l" data-href="/napoje/lihoviny?productWidget-widgetCarousel-1-id=24936&amp;do=productWidget-widgetCarousel-1-modal" class="product-name modal-link"
                   data-target="productWidget-widgetCarousel-1-productModal" onclick="kosikAjax.click(this, initModalCarousel(this))">
                    Camus X.O. Cognac 40%  0,7l
                    
                </a></h5>
            <p class="product-item-price product-in-discount">
                <span class="price-before-discount">
					<span><strong class="price">3 399,00 Kč</strong></span>
				</span>
                <strong class="price">2 899,00 Kč</strong>

            </p>
            <p class="product-item-unit">
                    (<strong class="price">4 141,40 Kč</strong> / l)
            </p>
                        <div class="product-list-rating">
            </div>
<div id="snippet-productWidget-widgetCarousel-1-buy-24936-quantity">        <div class="product-quantity-control">
            <form action="/napoje/lihoviny" method="post" class="ajax" id="frm-productWidget-widgetCarousel-1-buy-24936-quantityForm">
                <input type="text" name="quantity" size="3" id="frm-productWidget-widgetCarousel-1-buy-24936-quantityForm-quantity" data-nette-rules='[{"op":":integer","msg":"Množství musí být číslo."}]' value="1" aria-label="počet k přidání">
                <input type="submit" name="_submit" value="Přidat" class="product-quantity-control-submit plus" aria-label="přidat počet do košíku">
            <input type="hidden" name="do" value="productWidget-widgetCarousel-1-buy-24936-quantityForm-submit"><!--[if IE]><input type=IEbug disabled style="display:none"><![endif]-->
</form>

        </div>
</div>
                <p class="product-incart-info accessible">Produkt nemáte v košíku</p>


        </div>

        
    </div>
    <div id="product-append-24935" class="product-item">
        <div class="product-item-flags">
            <div class="flag-sale ">
                <span class="percents">19<small>&#37;</small></span>
            </div>
        </div>
        <div class="product-item-image">
                <a data-href="/napoje/lihoviny?productWidget-widgetCarousel-1-id=24935&amp;do=productWidget-widgetCarousel-1-modal"
                   data-target="productWidget-widgetCarousel-1-productModal"
                   data-product-id="24935"
                   data-product-price="1049"
                   data-page-title="Camus V.S.O.P. Cognac 40% 0,7l"
                   data-page-path="/produkt/24935-camus-v-s-o-p-cognac-40-0-7l"
                   data-user-id=""
                   aria-hidden="true"
                   data-kosikmodal-onclose="onProductModalDestroy"
                   onclick="kosikAjax.click(this, initModalCarousel(this))">
                    <img src="https://cdn.kosik.cz/content/product/jpg/list/placeholder.jpg" data-src="https://cdn.kosik.cz/content/product/jpg/list/42208.jpg" alt="Camus V.S.O.P. Cognac 40% 0,7l" class="loading-images loading-image">
                </a>




        </div>
                <div class="product-item-info">
                <h5><a href="javascript:void(0)" aria-label="Camus V.S.O.P. Cognac 40% 0,7l" data-href="/napoje/lihoviny?productWidget-widgetCarousel-1-id=24935&amp;do=productWidget-widgetCarousel-1-modal" class="product-name modal-link"
                   data-target="productWidget-widgetCarousel-1-productModal" onclick="kosikAjax.click(this, initModalCarousel(this))">
                    Camus V.S.O.P. Cognac 40% 0,7l
                    
                </a></h5>
            <p class="product-item-price product-in-discount">
                <span class="price-before-discount">
					<span><strong class="price">1 049,00 Kč</strong></span>
				</span>
                <strong class="price">849,00 Kč</strong>

            </p>
            <p class="product-item-unit">
                    (<strong class="price">1 212,90 Kč</strong> / l)
            </p>
                        <div class="product-list-rating">
            </div>
<div id="snippet-productWidget-widgetCarousel-1-buy-24935-quantity">        <div class="product-quantity-control">
            <form action="/napoje/lihoviny" method="post" class="ajax" id="frm-productWidget-widgetCarousel-1-buy-24935-quantityForm">
                <input type="text" name="quantity" size="3" id="frm-productWidget-widgetCarousel-1-buy-24935-quantityForm-quantity" data-nette-rules='[{"op":":integer","msg":"Množství musí být číslo."}]' value="1" aria-label="počet k přidání">
                <input type="submit" name="_submit" value="Přidat" class="product-quantity-control-submit plus" aria-label="přidat počet do košíku">
            <input type="hidden" name="do" value="productWidget-widgetCarousel-1-buy-24935-quantityForm-submit"><!--[if IE]><input type=IEbug disabled style="display:none"><![endif]-->
</form>

        </div>
</div>
                <p class="product-incart-info accessible">Produkt nemáte v košíku</p>


        </div>

        
    </div>
    <div id="product-append-41983" class="product-item">
        <div class="product-item-flags">
            <div class="flag-sale ">
                <span class="percents">19<small>&#37;</small></span>
            </div>
        </div>
        <div class="product-item-image">
                <a data-href="/napoje/lihoviny?productWidget-widgetCarousel-1-id=41983&amp;do=productWidget-widgetCarousel-1-modal"
                   data-target="productWidget-widgetCarousel-1-productModal"
                   data-product-id="41983"
                   data-product-price="2699"
                   data-page-title="Baron Otard Baron Otard X.O 0,7l"
                   data-page-path="/produkt/41983-baron-otard-baron-otard-x-o-0-7l"
                   data-user-id=""
                   aria-hidden="true"
                   data-kosikmodal-onclose="onProductModalDestroy"
                   onclick="kosikAjax.click(this, initModalCarousel(this))">
                    <img src="https://cdn.kosik.cz/content/product/jpg/list/placeholder.jpg" data-src="https://cdn.kosik.cz/content/product/jpg/list/59700.jpg" alt="Baron Otard Baron Otard X.O 0,7l" class="loading-images loading-image">
                </a>




        </div>
                <div class="product-item-info">
                <h5><a href="javascript:void(0)" aria-label="Baron Otard Baron Otard X.O 0,7l" data-href="/napoje/lihoviny?productWidget-widgetCarousel-1-id=41983&amp;do=productWidget-widgetCarousel-1-modal" class="product-name modal-link"
                   data-target="productWidget-widgetCarousel-1-productModal" onclick="kosikAjax.click(this, initModalCarousel(this))">
                    Baron Otard Baron Otard X.O 0,7l
                    
                </a></h5>
            <p class="product-item-price product-in-discount">
                <span class="price-before-discount">
					<span><strong class="price">2 699,00 Kč</strong></span>
				</span>
                <strong class="price">2 199,00 Kč</strong>

            </p>
            <p class="product-item-unit">
                    (<strong class="price">3,20 Kč</strong> / g)
            </p>
                        <div class="product-list-rating">
            </div>
<div id="snippet-productWidget-widgetCarousel-1-buy-41983-quantity">        <div class="product-quantity-control">
            <form action="/napoje/lihoviny" method="post" class="ajax" id="frm-productWidget-widgetCarousel-1-buy-41983-quantityForm">
                <input type="text" name="quantity" size="3" id="frm-productWidget-widgetCarousel-1-buy-41983-quantityForm-quantity" data-nette-rules='[{"op":":integer","msg":"Množství musí být číslo."}]' value="1" aria-label="počet k přidání">
                <input type="submit" name="_submit" value="Přidat" class="product-quantity-control-submit plus" aria-label="přidat počet do košíku">
            <input type="hidden" name="do" value="productWidget-widgetCarousel-1-buy-41983-quantityForm-submit"><!--[if IE]><input type=IEbug disabled style="display:none"><![endif]-->
</form>

        </div>
</div>
                <p class="product-incart-info accessible">Produkt nemáte v košíku</p>


        </div>

        
    </div>
    <div id="product-append-41981" class="product-item">
        <div class="product-item-flags">
            <div class="flag-sale ">
                <span class="percents">7<small>&#37;</small></span>
            </div>
        </div>
        <div class="product-item-image">
                <a data-href="/napoje/lihoviny?productWidget-widgetCarousel-1-id=41981&amp;do=productWidget-widgetCarousel-1-modal"
                   data-target="productWidget-widgetCarousel-1-productModal"
                   data-product-id="41981"
                   data-product-price="2099"
                   data-page-title="Courvoisier X.O. 0,7 l"
                   data-page-path="/produkt/41981-courvoisier-x-o-0-7-l"
                   data-user-id=""
                   aria-hidden="true"
                   data-kosikmodal-onclose="onProductModalDestroy"
                   onclick="kosikAjax.click(this, initModalCarousel(this))">
                    <img src="https://cdn.kosik.cz/content/product/jpg/list/placeholder.jpg" data-src="https://cdn.kosik.cz/content/product/jpg/list/59698.jpg" alt="Courvoisier X.O. 0,7 l" class="loading-images loading-image">
                </a>




        </div>
                <div class="product-item-info">
                <h5><a href="javascript:void(0)" aria-label="Courvoisier X.O. 0,7 l" data-href="/napoje/lihoviny?productWidget-widgetCarousel-1-id=41981&amp;do=productWidget-widgetCarousel-1-modal" class="product-name modal-link"
                   data-target="productWidget-widgetCarousel-1-productModal" onclick="kosikAjax.click(this, initModalCarousel(this))">
                    Courvoisier X.O. 0,7 l
                    
                </a></h5>
            <p class="product-item-price product-in-discount">
                <span class="price-before-discount">
					<span><strong class="price">2 099,00 Kč</strong></span>
				</span>
                <strong class="price">1 949,00 Kč</strong>

            </p>
            <p class="product-item-unit">
                    (<strong class="price">2 784,30 Kč</strong> / kg)
            </p>
                        <div class="product-list-rating">
            </div>
<div id="snippet-productWidget-widgetCarousel-1-buy-41981-quantity">        <div class="product-quantity-control">
            <form action="/napoje/lihoviny" method="post" class="ajax" id="frm-productWidget-widgetCarousel-1-buy-41981-quantityForm">
                <input type="text" name="quantity" size="3" id="frm-productWidget-widgetCarousel-1-buy-41981-quantityForm-quantity" data-nette-rules='[{"op":":integer","msg":"Množství musí být číslo."}]' value="1" aria-label="počet k přidání">
                <input type="submit" name="_submit" value="Přidat" class="product-quantity-control-submit plus" aria-label="přidat počet do košíku">
            <input type="hidden" name="do" value="productWidget-widgetCarousel-1-buy-41981-quantityForm-submit"><!--[if IE]><input type=IEbug disabled style="display:none"><![endif]-->
</form>

        </div>
</div>
                <p class="product-incart-info accessible">Produkt nemáte v košíku</p>


        </div>

        
    </div>
    <div id="product-append-34193" class="product-item">
        <div class="product-item-flags">
            <div class="flag-sale ">
                <span class="percents">30<small>&#37;</small></span>
            </div>
        </div>
        <div class="product-item-image">
                <a data-href="/napoje/lihoviny?productWidget-widgetCarousel-1-id=34193&amp;do=productWidget-widgetCarousel-1-modal"
                   data-target="productWidget-widgetCarousel-1-productModal"
                   data-product-id="34193"
                   data-product-price="999"
                   data-page-title="Courvoisier VSOP 40%, 700ml"
                   data-page-path="/produkt/34193-courvoisier-vsop-40-700ml"
                   data-user-id=""
                   aria-hidden="true"
                   data-kosikmodal-onclose="onProductModalDestroy"
                   onclick="kosikAjax.click(this, initModalCarousel(this))">
                    <img src="https://cdn.kosik.cz/content/product/jpg/list/placeholder.jpg" data-src="https://cdn.kosik.cz/content/product/jpg/list/51668.jpg" alt="Courvoisier VSOP 40%, 700ml" class="loading-images loading-image">
                </a>




        </div>
                <div class="product-item-info">
                <h5><a href="javascript:void(0)" aria-label="Courvoisier VSOP 40%, 700ml" data-href="/napoje/lihoviny?productWidget-widgetCarousel-1-id=34193&amp;do=productWidget-widgetCarousel-1-modal" class="product-name modal-link"
                   data-target="productWidget-widgetCarousel-1-productModal" onclick="kosikAjax.click(this, initModalCarousel(this))">
                    Courvoisier VSOP 40%, 700ml
                    
                </a></h5>
            <p class="product-item-price product-in-discount">
                <span class="price-before-discount">
					<span><strong class="price">999,00 Kč</strong></span>
				</span>
                <strong class="price">699,00 Kč</strong>

            </p>
            <p class="product-item-unit">
                    (<strong class="price">998,60 Kč</strong> / l)
            </p>
                        <div class="product-list-rating">
            </div>
<div id="snippet-productWidget-widgetCarousel-1-buy-34193-quantity">        <div class="product-quantity-control">
            <form action="/napoje/lihoviny" method="post" class="ajax" id="frm-productWidget-widgetCarousel-1-buy-34193-quantityForm">
                <input type="text" name="quantity" size="3" id="frm-productWidget-widgetCarousel-1-buy-34193-quantityForm-quantity" data-nette-rules='[{"op":":integer","msg":"Množství musí být číslo."}]' value="1" aria-label="počet k přidání">
                <input type="submit" name="_submit" value="Přidat" class="product-quantity-control-submit plus" aria-label="přidat počet do košíku">
            <input type="hidden" name="do" value="productWidget-widgetCarousel-1-buy-34193-quantityForm-submit"><!--[if IE]><input type=IEbug disabled style="display:none"><![endif]-->
</form>

        </div>
</div>
                <p class="product-incart-info accessible">Produkt nemáte v košíku</p>


        </div>

        
    </div>
    <div id="product-append-24954" class="product-item">
        <div class="product-item-flags">
            <div class="flag-sale ">
                <span class="percents">14<small>&#37;</small></span>
            </div>
        </div>
        <div class="product-item-image">
                <a data-href="/napoje/lihoviny?productWidget-widgetCarousel-1-id=24954&amp;do=productWidget-widgetCarousel-1-modal"
                   data-target="productWidget-widgetCarousel-1-productModal"
                   data-product-id="24954"
                   data-product-price="1799"
                   data-page-title="Three Sixty Vodka Maxi lahev + 4x sklenice dárkové balení 3l"
                   data-page-path="/produkt/24954-three-sixty-vodka-maxi-lahev-4x-sklenice-darkove-baleni-3l"
                   data-user-id=""
                   aria-hidden="true"
                   data-kosikmodal-onclose="onProductModalDestroy"
                   onclick="kosikAjax.click(this, initModalCarousel(this))">
                    <img src="https://cdn.kosik.cz/content/product/jpg/list/placeholder.jpg" data-src="https://cdn.kosik.cz/content/product/jpg/list/42227.jpg" alt="Three Sixty Vodka Maxi lahev + 4x sklenice dárkové balení 3l" class="loading-images loading-image">
                </a>




        </div>
                <div class="product-item-info">
                <h5><a href="javascript:void(0)" aria-label="Three Sixty Vodka Maxi lahev + 4x sklenice dárkové balení 3l" data-href="/napoje/lihoviny?productWidget-widgetCarousel-1-id=24954&amp;do=productWidget-widgetCarousel-1-modal" class="product-name modal-link"
                   data-target="productWidget-widgetCarousel-1-productModal" onclick="kosikAjax.click(this, initModalCarousel(this))">
                    Three Sixty Vodka Maxi lahev + 4x sklenice dárkové balení 3l
                    
                </a></h5>
            <p class="product-item-price product-in-discount">
                <span class="price-before-discount">
					<span><strong class="price">1 799,00 Kč</strong></span>
				</span>
                <strong class="price">1 549,00 Kč</strong>

            </p>
            <p class="product-item-unit">
                    (<strong class="price">516,30 Kč</strong> / l)
            </p>
                        <div class="product-list-rating">
            </div>
<div id="snippet-productWidget-widgetCarousel-1-buy-24954-quantity">        <div class="product-quantity-control">
            <form action="/napoje/lihoviny" method="post" class="ajax" id="frm-productWidget-widgetCarousel-1-buy-24954-quantityForm">
                <input type="text" name="quantity" size="3" id="frm-productWidget-widgetCarousel-1-buy-24954-quantityForm-quantity" data-nette-rules='[{"op":":integer","msg":"Množství musí být číslo."}]' value="1" aria-label="počet k přidání">
                <input type="submit" name="_submit" value="Přidat" class="product-quantity-control-submit plus" aria-label="přidat počet do košíku">
            <input type="hidden" name="do" value="productWidget-widgetCarousel-1-buy-24954-quantityForm-submit"><!--[if IE]><input type=IEbug disabled style="display:none"><![endif]-->
</form>

        </div>
</div>
                <p class="product-incart-info accessible">Produkt nemáte v košíku</p>


        </div>

        
    </div>
    <div id="product-append-24953" class="product-item">
        <div class="product-item-flags">
            <div class="flag-sale ">
                <span class="percents">26<small>&#37;</small></span>
            </div>
        </div>
        <div class="product-item-image">
                <a data-href="/napoje/lihoviny?productWidget-widgetCarousel-1-id=24953&amp;do=productWidget-widgetCarousel-1-modal"
                   data-target="productWidget-widgetCarousel-1-productModal"
                   data-product-id="24953"
                   data-product-price="1749"
                   data-page-title="Three Sixty Vodka MAXI lahev 37,5% 3l"
                   data-page-path="/produkt/24953-three-sixty-vodka-maxi-lahev-37-5-3l"
                   data-user-id=""
                   aria-hidden="true"
                   data-kosikmodal-onclose="onProductModalDestroy"
                   onclick="kosikAjax.click(this, initModalCarousel(this))">
                    <img src="https://cdn.kosik.cz/content/product/jpg/list/placeholder.jpg" data-src="https://cdn.kosik.cz/content/product/jpg/list/42226.jpg" alt="Three Sixty Vodka MAXI lahev 37,5% 3l" class="loading-images loading-image">
                </a>




        </div>
                <div class="product-item-info">
                <h5><a href="javascript:void(0)" aria-label="Three Sixty Vodka MAXI lahev 37,5% 3l" data-href="/napoje/lihoviny?productWidget-widgetCarousel-1-id=24953&amp;do=productWidget-widgetCarousel-1-modal" class="product-name modal-link"
                   data-target="productWidget-widgetCarousel-1-productModal" onclick="kosikAjax.click(this, initModalCarousel(this))">
                    Three Sixty Vodka MAXI lahev 37,5% 3l
                    
                </a></h5>
            <p class="product-item-price product-in-discount">
                <span class="price-before-discount">
					<span><strong class="price">1 749,00 Kč</strong></span>
				</span>
                <strong class="price">1 299,00 Kč</strong>

            </p>
            <p class="product-item-unit">
                    (<strong class="price">433,00 Kč</strong> / l)
            </p>
                        <div class="product-list-rating">
            </div>
<div id="snippet-productWidget-widgetCarousel-1-buy-24953-quantity">        <div class="product-quantity-control">
            <form action="/napoje/lihoviny" method="post" class="ajax" id="frm-productWidget-widgetCarousel-1-buy-24953-quantityForm">
                <input type="text" name="quantity" size="3" id="frm-productWidget-widgetCarousel-1-buy-24953-quantityForm-quantity" data-nette-rules='[{"op":":integer","msg":"Množství musí být číslo."}]' value="1" aria-label="počet k přidání">
                <input type="submit" name="_submit" value="Přidat" class="product-quantity-control-submit plus" aria-label="přidat počet do košíku">
            <input type="hidden" name="do" value="productWidget-widgetCarousel-1-buy-24953-quantityForm-submit"><!--[if IE]><input type=IEbug disabled style="display:none"><![endif]-->
</form>

        </div>
</div>
                <p class="product-incart-info accessible">Produkt nemáte v košíku</p>


        </div>

        
    </div>
    <div id="product-append-38683" class="product-item">
        <div class="product-item-flags">
            <div class="flag-sale ">
                <span class="percents">23<small>&#37;</small></span>
            </div>
        </div>
        <div class="product-item-image">
                <a data-href="/napoje/lihoviny?productWidget-widgetCarousel-1-id=38683&amp;do=productWidget-widgetCarousel-1-modal"
                   data-target="productWidget-widgetCarousel-1-productModal"
                   data-product-id="38683"
                   data-product-price="1299"
                   data-page-title="Balvenie 12YO Doublewood Single Malt whisky 0,7l"
                   data-page-path="/produkt/38683-balvenie-12yo-doublewood-single-malt-whisky-0-7l"
                   data-user-id=""
                   aria-hidden="true"
                   data-kosikmodal-onclose="onProductModalDestroy"
                   onclick="kosikAjax.click(this, initModalCarousel(this))">
                    <img src="https://cdn.kosik.cz/content/product/jpg/list/placeholder.jpg" data-src="https://cdn.kosik.cz/content/product/jpg/list/56398.jpg" alt="Balvenie 12YO Doublewood Single Malt whisky 0,7l" class="loading-images loading-image">
                </a>




        </div>
                <div class="product-item-info">
                <h5><a href="javascript:void(0)" aria-label="Balvenie 12YO Doublewood Single Malt whisky 0,7l" data-href="/napoje/lihoviny?productWidget-widgetCarousel-1-id=38683&amp;do=productWidget-widgetCarousel-1-modal" class="product-name modal-link"
                   data-target="productWidget-widgetCarousel-1-productModal" onclick="kosikAjax.click(this, initModalCarousel(this))">
                    Balvenie 12YO Doublewood Single Malt whisky 0,7l
                    
                </a></h5>
            <p class="product-item-price product-in-discount">
                <span class="price-before-discount">
					<span><strong class="price">1 299,00 Kč</strong></span>
				</span>
                <strong class="price">999,00 Kč</strong>

            </p>
            <p class="product-item-unit">
                    (<strong class="price">1,40 Kč</strong> / g)
            </p>
                        <div class="product-list-rating">
            </div>
<div id="snippet-productWidget-widgetCarousel-1-buy-38683-quantity">        <div class="product-quantity-control">
            <form action="/napoje/lihoviny" method="post" class="ajax" id="frm-productWidget-widgetCarousel-1-buy-38683-quantityForm">
                <input type="text" name="quantity" size="3" id="frm-productWidget-widgetCarousel-1-buy-38683-quantityForm-quantity" data-nette-rules='[{"op":":integer","msg":"Množství musí být číslo."}]' value="1" aria-label="počet k přidání">
                <input type="submit" name="_submit" value="Přidat" class="product-quantity-control-submit plus" aria-label="přidat počet do košíku">
            <input type="hidden" name="do" value="productWidget-widgetCarousel-1-buy-38683-quantityForm-submit"><!--[if IE]><input type=IEbug disabled style="display:none"><![endif]-->
</form>

        </div>
</div>
                <p class="product-incart-info accessible">Produkt nemáte v košíku</p>


        </div>

        
    </div>
    <div id="product-append-38682" class="product-item">
        <div class="product-item-flags">
            <div class="flag-sale ">
                <span class="percents">23<small>&#37;</small></span>
            </div>
        </div>
        <div class="product-item-image">
                <a data-href="/napoje/lihoviny?productWidget-widgetCarousel-1-id=38682&amp;do=productWidget-widgetCarousel-1-modal"
                   data-target="productWidget-widgetCarousel-1-productModal"
                   data-product-id="38682"
                   data-product-price="1299"
                   data-page-title="Glenfiddich 15YO Single Malt whisky 0,7l"
                   data-page-path="/produkt/38682-glenfiddich-15yo-single-malt-whisky-0-7l"
                   data-user-id=""
                   aria-hidden="true"
                   data-kosikmodal-onclose="onProductModalDestroy"
                   onclick="kosikAjax.click(this, initModalCarousel(this))">
                    <img src="https://cdn.kosik.cz/content/product/jpg/list/placeholder.jpg" data-src="https://cdn.kosik.cz/content/product/jpg/list/56397.jpg" alt="Glenfiddich 15YO Single Malt whisky 0,7l" class="loading-images loading-image">
                </a>




        </div>
                <div class="product-item-info">
                <h5><a href="javascript:void(0)" aria-label="Glenfiddich 15YO Single Malt whisky 0,7l" data-href="/napoje/lihoviny?productWidget-widgetCarousel-1-id=38682&amp;do=productWidget-widgetCarousel-1-modal" class="product-name modal-link"
                   data-target="productWidget-widgetCarousel-1-productModal" onclick="kosikAjax.click(this, initModalCarousel(this))">
                    Glenfiddich 15YO Single Malt whisky 0,7l
                    
                </a></h5>
            <p class="product-item-price product-in-discount">
                <span class="price-before-discount">
					<span><strong class="price">1 299,00 Kč</strong></span>
				</span>
                <strong class="price">999,00 Kč</strong>

            </p>
            <p class="product-item-unit">
                    (<strong class="price">1,40 Kč</strong> / g)
            </p>
                        <div class="product-list-rating">
            </div>
<div id="snippet-productWidget-widgetCarousel-1-buy-38682-quantity">        <div class="product-quantity-control">
            <form action="/napoje/lihoviny" method="post" class="ajax" id="frm-productWidget-widgetCarousel-1-buy-38682-quantityForm">
                <input type="text" name="quantity" size="3" id="frm-productWidget-widgetCarousel-1-buy-38682-quantityForm-quantity" data-nette-rules='[{"op":":integer","msg":"Množství musí být číslo."}]' value="1" aria-label="počet k přidání">
                <input type="submit" name="_submit" value="Přidat" class="product-quantity-control-submit plus" aria-label="přidat počet do košíku">
            <input type="hidden" name="do" value="productWidget-widgetCarousel-1-buy-38682-quantityForm-submit"><!--[if IE]><input type=IEbug disabled style="display:none"><![endif]-->
</form>

        </div>
</div>
                <p class="product-incart-info accessible">Produkt nemáte v košíku</p>


        </div>

        
    </div>
    <div id="product-append-34217" class="product-item">
        <div class="product-item-flags">
            <div class="flag-sale ">
                <span class="percents">21<small>&#37;</small></span>
            </div>
        </div>
        <div class="product-item-image">
                <a data-href="/napoje/lihoviny?productWidget-widgetCarousel-1-id=34217&amp;do=productWidget-widgetCarousel-1-modal"
                   data-target="productWidget-widgetCarousel-1-productModal"
                   data-product-id="34217"
                   data-product-price="1199"
                   data-page-title="Martell V.S.O.P. Koňak 0,7l"
                   data-page-path="/produkt/34217-martell-v-s-o-p-konak-0-7l"
                   data-user-id=""
                   aria-hidden="true"
                   data-kosikmodal-onclose="onProductModalDestroy"
                   onclick="kosikAjax.click(this, initModalCarousel(this))">
                    <img src="https://cdn.kosik.cz/content/product/jpg/list/placeholder.jpg" data-src="https://cdn.kosik.cz/content/product/jpg/list/51692.jpg" alt="Martell V.S.O.P. Koňak 0,7l" class="loading-images loading-image">
                </a>




        </div>
                <div class="product-item-info">
                <h5><a href="javascript:void(0)" aria-label="Martell V.S.O.P. Koňak 0,7l" data-href="/napoje/lihoviny?productWidget-widgetCarousel-1-id=34217&amp;do=productWidget-widgetCarousel-1-modal" class="product-name modal-link"
                   data-target="productWidget-widgetCarousel-1-productModal" onclick="kosikAjax.click(this, initModalCarousel(this))">
                    Martell V.S.O.P. Koňak 0,7l
                    
                </a></h5>
            <p class="product-item-price product-in-discount">
                <span class="price-before-discount">
					<span><strong class="price">1 199,00 Kč</strong></span>
				</span>
                <strong class="price">949,00 Kč</strong>

            </p>
            <p class="product-item-unit">
                    (<strong class="price">1 355,70 Kč</strong> / l)
            </p>
                        <div class="product-list-rating">
            </div>
<div id="snippet-productWidget-widgetCarousel-1-buy-34217-quantity">        <div class="product-quantity-control">
            <form action="/napoje/lihoviny" method="post" class="ajax" id="frm-productWidget-widgetCarousel-1-buy-34217-quantityForm">
                <input type="text" name="quantity" size="3" id="frm-productWidget-widgetCarousel-1-buy-34217-quantityForm-quantity" data-nette-rules='[{"op":":integer","msg":"Množství musí být číslo."}]' value="1" aria-label="počet k přidání">
                <input type="submit" name="_submit" value="Přidat" class="product-quantity-control-submit plus" aria-label="přidat počet do košíku">
            <input type="hidden" name="do" value="productWidget-widgetCarousel-1-buy-34217-quantityForm-submit"><!--[if IE]><input type=IEbug disabled style="display:none"><![endif]-->
</form>

        </div>
</div>
                <p class="product-incart-info accessible">Produkt nemáte v košíku</p>


        </div>

        
    </div>
    <div id="product-append-36102" class="product-item">
        <div class="product-item-flags">
        </div>
        <div class="product-item-image">
                <a data-href="/napoje/lihoviny?productWidget-widgetCarousel-1-id=36102&amp;do=productWidget-widgetCarousel-1-modal"
                   data-target="productWidget-widgetCarousel-1-productModal"
                   data-product-id="36102"
                   data-product-price="1099"
                   data-page-title="Aberlour 12 YO 0,7l"
                   data-page-path="/produkt/36102-aberlour-12-yo-0-7l"
                   data-user-id=""
                   aria-hidden="true"
                   data-kosikmodal-onclose="onProductModalDestroy"
                   onclick="kosikAjax.click(this, initModalCarousel(this))">
                    <img src="https://cdn.kosik.cz/content/product/jpg/list/placeholder.jpg" data-src="https://cdn.kosik.cz/content/product/jpg/list/53667.jpg" alt="Aberlour 12 YO 0,7l" class="loading-images loading-image">
                </a>




        </div>
                <div class="product-item-info">
                <h5><a href="javascript:void(0)" aria-label="Aberlour 12 YO 0,7l" data-href="/napoje/lihoviny?productWidget-widgetCarousel-1-id=36102&amp;do=productWidget-widgetCarousel-1-modal" class="product-name modal-link"
                   data-target="productWidget-widgetCarousel-1-productModal" onclick="kosikAjax.click(this, initModalCarousel(this))">
                    Aberlour 12 YO 0,7l
                    
                </a></h5>
            <p class="product-item-price ">
                <span class="price-before-discount">
				</span>
                <strong class="price">1 099,00 Kč</strong>

            </p>
            <p class="product-item-unit">
                    (<strong class="price">1 570,00 Kč</strong> / l)
            </p>
                        <div class="product-list-rating">
            </div>
<div id="snippet-productWidget-widgetCarousel-1-buy-36102-quantity">        <div class="product-quantity-control">
            <form action="/napoje/lihoviny" method="post" class="ajax" id="frm-productWidget-widgetCarousel-1-buy-36102-quantityForm">
                <input type="text" name="quantity" size="3" id="frm-productWidget-widgetCarousel-1-buy-36102-quantityForm-quantity" data-nette-rules='[{"op":":integer","msg":"Množství musí být číslo."}]' value="1" aria-label="počet k přidání">
                <input type="submit" name="_submit" value="Přidat" class="product-quantity-control-submit plus" aria-label="přidat počet do košíku">
            <input type="hidden" name="do" value="productWidget-widgetCarousel-1-buy-36102-quantityForm-submit"><!--[if IE]><input type=IEbug disabled style="display:none"><![endif]-->
</form>

        </div>
</div>
                <p class="product-incart-info accessible">Produkt nemáte v košíku</p>


        </div>

        
    </div>
    <div id="product-append-3327" class="product-item">
        <div class="product-item-flags">
            <div class="flag-sale ">
                <span class="percents">19<small>&#37;</small></span>
            </div>
        </div>
        <div class="product-item-image">
                <a data-href="/napoje/lihoviny?productWidget-widgetCarousel-1-id=3327&amp;do=productWidget-widgetCarousel-1-modal"
                   data-target="productWidget-widgetCarousel-1-productModal"
                   data-product-id="3327"
                   data-product-price="1099"
                   data-page-title="Tullamore D.E.W. 12 Years Old Irish whiskey 0,7l"
                   data-page-path="/produkt/3327-tullamore-d-e-w-12-years-old-irish-whiskey-0-7l"
                   data-user-id=""
                   aria-hidden="true"
                   data-kosikmodal-onclose="onProductModalDestroy"
                   onclick="kosikAjax.click(this, initModalCarousel(this))">
                    <img src="https://cdn.kosik.cz/content/product/jpg/list/placeholder.jpg" data-src="https://cdn.kosik.cz/content/product/jpg/list/3443.jpg" alt="Tullamore D.E.W. 12 Years Old Irish whiskey 0,7l" class="loading-images loading-image">
                </a>




        </div>
                <div class="product-item-info">
                <h5><a href="javascript:void(0)" aria-label="Tullamore D.E.W. 12 Years Old Irish whiskey 0,7l" data-href="/napoje/lihoviny?productWidget-widgetCarousel-1-id=3327&amp;do=productWidget-widgetCarousel-1-modal" class="product-name modal-link"
                   data-target="productWidget-widgetCarousel-1-productModal" onclick="kosikAjax.click(this, initModalCarousel(this))">
                    Tullamore D.E.W. 12 Years Old Irish whiskey 0,7l
                    
                </a></h5>
            <p class="product-item-price product-in-discount">
                <span class="price-before-discount">
					<span><strong class="price">1 099,00 Kč</strong></span>
				</span>
                <strong class="price">889,00 Kč</strong>

            </p>
            <p class="product-item-unit">
                    (<strong class="price">1 270,00 Kč</strong> / l)
            </p>
                        <div class="product-list-rating">
            </div>
<div id="snippet-productWidget-widgetCarousel-1-buy-3327-quantity">        <div class="product-quantity-control">
            <form action="/napoje/lihoviny" method="post" class="ajax" id="frm-productWidget-widgetCarousel-1-buy-3327-quantityForm">
                <input type="text" name="quantity" size="3" id="frm-productWidget-widgetCarousel-1-buy-3327-quantityForm-quantity" data-nette-rules='[{"op":":integer","msg":"Množství musí být číslo."}]' value="1" aria-label="počet k přidání">
                <input type="submit" name="_submit" value="Přidat" class="product-quantity-control-submit plus" aria-label="přidat počet do košíku">
            <input type="hidden" name="do" value="productWidget-widgetCarousel-1-buy-3327-quantityForm-submit"><!--[if IE]><input type=IEbug disabled style="display:none"><![endif]-->
</form>

        </div>
</div>
                <p class="product-incart-info accessible">Produkt nemáte v košíku</p>


        </div>

        
    </div>
    <div id="product-append-3332" class="product-item">
        <div class="product-item-flags">
            <div class="flag-sale ">
                <span class="percents">20<small>&#37;</small></span>
            </div>
        </div>
        <div class="product-item-image">
                <a data-href="/napoje/lihoviny?productWidget-widgetCarousel-1-id=3332&amp;do=productWidget-widgetCarousel-1-modal"
                   data-target="productWidget-widgetCarousel-1-productModal"
                   data-product-id="3332"
                   data-product-price="999"
                   data-page-title="Tullamore D.E.W. 10 YO Single Malt whisky 0,7l"
                   data-page-path="/produkt/3332-tullamore-d-e-w-10-yo-single-malt-whisky-0-7l"
                   data-user-id=""
                   aria-hidden="true"
                   data-kosikmodal-onclose="onProductModalDestroy"
                   onclick="kosikAjax.click(this, initModalCarousel(this))">
                    <img src="https://cdn.kosik.cz/content/product/jpg/list/placeholder.jpg" data-src="https://cdn.kosik.cz/content/product/jpg/list/3448.jpg" alt="Tullamore D.E.W. 10 YO Single Malt whisky 0,7l" class="loading-images loading-image">
                </a>




        </div>
                <div class="product-item-info">
                <h5><a href="javascript:void(0)" aria-label="Tullamore D.E.W. 10 YO Single Malt whisky 0,7l" data-href="/napoje/lihoviny?productWidget-widgetCarousel-1-id=3332&amp;do=productWidget-widgetCarousel-1-modal" class="product-name modal-link"
                   data-target="productWidget-widgetCarousel-1-productModal" onclick="kosikAjax.click(this, initModalCarousel(this))">
                    Tullamore D.E.W. 10 YO Single Malt whisky 0,7l
                    
                </a></h5>
            <p class="product-item-price product-in-discount">
                <span class="price-before-discount">
					<span><strong class="price">999,00 Kč</strong></span>
				</span>
                <strong class="price">799,00 Kč</strong>

            </p>
            <p class="product-item-unit">
                    (<strong class="price">1 141,40 Kč</strong> / l)
            </p>
                        <div class="product-list-rating">
            </div>
<div id="snippet-productWidget-widgetCarousel-1-buy-3332-quantity">        <div class="product-quantity-control">
            <form action="/napoje/lihoviny" method="post" class="ajax" id="frm-productWidget-widgetCarousel-1-buy-3332-quantityForm">
                <input type="text" name="quantity" size="3" id="frm-productWidget-widgetCarousel-1-buy-3332-quantityForm-quantity" data-nette-rules='[{"op":":integer","msg":"Množství musí být číslo."}]' value="1" aria-label="počet k přidání">
                <input type="submit" name="_submit" value="Přidat" class="product-quantity-control-submit plus" aria-label="přidat počet do košíku">
            <input type="hidden" name="do" value="productWidget-widgetCarousel-1-buy-3332-quantityForm-submit"><!--[if IE]><input type=IEbug disabled style="display:none"><![endif]-->
</form>

        </div>
</div>
                <p class="product-incart-info accessible">Produkt nemáte v košíku</p>


        </div>

        
    </div>
    <div id="product-append-32237" class="product-item">
        <div class="product-item-flags">
            <div class="flag-sale ">
                <span class="percents">15<small>&#37;</small></span>
            </div>
        </div>
        <div class="product-item-image">
                <a data-href="/napoje/lihoviny?productWidget-widgetCarousel-1-id=32237&amp;do=productWidget-widgetCarousel-1-modal"
                   data-target="productWidget-widgetCarousel-1-productModal"
                   data-product-id="32237"
                   data-product-price="1049"
                   data-page-title="Diplomático Reserva Exclusiva Naked Rum 12yo 40% 0,7l"
                   data-page-path="/produkt/32237-diplomatico-reserva-exclusiva-naked-rum-12yo-40-0-7l"
                   data-user-id=""
                   aria-hidden="true"
                   data-kosikmodal-onclose="onProductModalDestroy"
                   onclick="kosikAjax.click(this, initModalCarousel(this))">
                    <img src="https://cdn.kosik.cz/content/product/jpg/list/placeholder.jpg" data-src="https://cdn.kosik.cz/content/product/jpg/list/49710.jpg" alt="Diplomático Reserva Exclusiva Naked Rum 12yo 40% 0,7l" class="loading-images loading-image">
                </a>




        </div>
                <div class="product-item-info">
                <h5><a href="javascript:void(0)" aria-label="Diplomático Reserva Exclusiva Naked Rum 12yo 40% 0,7l" data-href="/napoje/lihoviny?productWidget-widgetCarousel-1-id=32237&amp;do=productWidget-widgetCarousel-1-modal" class="product-name modal-link"
                   data-target="productWidget-widgetCarousel-1-productModal" onclick="kosikAjax.click(this, initModalCarousel(this))">
                    Diplomático Reserva Exclusiva Naked Rum 12yo 40% 0,7l
                    
                </a></h5>
            <p class="product-item-price product-in-discount">
                <span class="price-before-discount">
					<span><strong class="price">1 049,00 Kč</strong></span>
				</span>
                <strong class="price">889,00 Kč</strong>

            </p>
            <p class="product-item-unit">
                    (<strong class="price">1 270,00 Kč</strong> / l)
            </p>
                        <div class="product-list-rating">
            </div>
<div id="snippet-productWidget-widgetCarousel-1-buy-32237-quantity">        <div class="product-quantity-control">
            <form action="/napoje/lihoviny" method="post" class="ajax" id="frm-productWidget-widgetCarousel-1-buy-32237-quantityForm">
                <input type="text" name="quantity" size="3" id="frm-productWidget-widgetCarousel-1-buy-32237-quantityForm-quantity" data-nette-rules='[{"op":":integer","msg":"Množství musí být číslo."}]' value="1" aria-label="počet k přidání">
                <input type="submit" name="_submit" value="Přidat" class="product-quantity-control-submit plus" aria-label="přidat počet do košíku">
            <input type="hidden" name="do" value="productWidget-widgetCarousel-1-buy-32237-quantityForm-submit"><!--[if IE]><input type=IEbug disabled style="display:none"><![endif]-->
</form>

        </div>
</div>
                <p class="product-incart-info accessible">Produkt nemáte v košíku</p>


        </div>

        
    </div>
    <div id="product-append-50131" class="product-item">
        <div class="product-item-flags">
            <div class="flag-sale ">
                <span class="percents">9<small>&#37;</small></span>
            </div>
        </div>
        <div class="product-item-image">
                <a data-href="/napoje/lihoviny?productWidget-widgetCarousel-1-id=50131&amp;do=productWidget-widgetCarousel-1-modal"
                   data-target="productWidget-widgetCarousel-1-productModal"
                   data-product-id="50131"
                   data-product-price="649"
                   data-page-title="Pampero Aniversario Reserva Exclusiva rum 0.7l"
                   data-page-path="/produkt/50131-pampero-aniversario-reserva-exclusiva-rum-0-7l"
                   data-user-id=""
                   aria-hidden="true"
                   data-kosikmodal-onclose="onProductModalDestroy"
                   onclick="kosikAjax.click(this, initModalCarousel(this))">
                    <img src="https://cdn.kosik.cz/content/product/jpg/list/placeholder.jpg" data-src="https://cdn.kosik.cz/content/product/jpg/list/67717.jpg" alt="Pampero Aniversario Reserva Exclusiva rum 0.7l" class="loading-images loading-image">
                </a>




        </div>
                <div class="product-item-info">
                <h5><a href="javascript:void(0)" aria-label="Pampero Aniversario Reserva Exclusiva rum 0.7l" data-href="/napoje/lihoviny?productWidget-widgetCarousel-1-id=50131&amp;do=productWidget-widgetCarousel-1-modal" class="product-name modal-link"
                   data-target="productWidget-widgetCarousel-1-productModal" onclick="kosikAjax.click(this, initModalCarousel(this))">
                    Pampero Aniversario Reserva Exclusiva rum 0.7l
                    
                </a></h5>
            <p class="product-item-price product-in-discount">
                <span class="price-before-discount">
					<span><strong class="price">649,00 Kč</strong></span>
				</span>
                <strong class="price">589,00 Kč</strong>

            </p>
            <p class="product-item-unit">
                    (<strong class="price">841,40 Kč</strong> / l)
            </p>
                        <div class="product-list-rating">
            </div>
<div id="snippet-productWidget-widgetCarousel-1-buy-50131-quantity">        <div class="product-quantity-control">
            <form action="/napoje/lihoviny" method="post" class="ajax" id="frm-productWidget-widgetCarousel-1-buy-50131-quantityForm">
                <input type="text" name="quantity" size="3" id="frm-productWidget-widgetCarousel-1-buy-50131-quantityForm-quantity" data-nette-rules='[{"op":":integer","msg":"Množství musí být číslo."}]' value="1" aria-label="počet k přidání">
                <input type="submit" name="_submit" value="Přidat" class="product-quantity-control-submit plus" aria-label="přidat počet do košíku">
            <input type="hidden" name="do" value="productWidget-widgetCarousel-1-buy-50131-quantityForm-submit"><!--[if IE]><input type=IEbug disabled style="display:none"><![endif]-->
</form>

        </div>
</div>
                <p class="product-incart-info accessible">Produkt nemáte v košíku</p>


        </div>

        
    </div>
    <div id="product-append-3214" class="product-item">
        <div class="product-item-flags">
            <div class="flag-sale ">
                <span class="percents">15<small>&#37;</small></span>
            </div>
        </div>
        <div class="product-item-image">
                <a data-href="/napoje/lihoviny?productWidget-widgetCarousel-1-id=3214&amp;do=productWidget-widgetCarousel-1-modal"
                   data-target="productWidget-widgetCarousel-1-productModal"
                   data-product-id="3214"
                   data-product-price="999"
                   data-page-title="Rémy Martin VSOP Cognac dárkový box 0,7l"
                   data-page-path="/produkt/3214-remy-martin-vsop-cognac-darkovy-box-0-7l"
                   data-user-id=""
                   aria-hidden="true"
                   data-kosikmodal-onclose="onProductModalDestroy"
                   onclick="kosikAjax.click(this, initModalCarousel(this))">
                    <img src="https://cdn.kosik.cz/content/product/jpg/list/placeholder.jpg" data-src="https://cdn.kosik.cz/content/product/jpg/list/3330.jpg" alt="Rémy Martin VSOP Cognac dárkový box 0,7l" class="loading-images loading-image">
                </a>




        </div>
                <div class="product-item-info">
                <h5><a href="javascript:void(0)" aria-label="Rémy Martin VSOP Cognac dárkový box 0,7l" data-href="/napoje/lihoviny?productWidget-widgetCarousel-1-id=3214&amp;do=productWidget-widgetCarousel-1-modal" class="product-name modal-link"
                   data-target="productWidget-widgetCarousel-1-productModal" onclick="kosikAjax.click(this, initModalCarousel(this))">
                    Rémy Martin VSOP Cognac dárkový box 0,7l
                    
                </a></h5>
            <p class="product-item-price product-in-discount">
                <span class="price-before-discount">
					<span><strong class="price">999,00 Kč</strong></span>
				</span>
                <strong class="price">849,00 Kč</strong>

            </p>
            <p class="product-item-unit">
                    (<strong class="price">1 212,90 Kč</strong> / l)
            </p>
                        <div class="product-list-rating">
            </div>
<div id="snippet-productWidget-widgetCarousel-1-buy-3214-quantity">        <div class="product-quantity-control">
            <form action="/napoje/lihoviny" method="post" class="ajax" id="frm-productWidget-widgetCarousel-1-buy-3214-quantityForm">
                <input type="text" name="quantity" size="3" id="frm-productWidget-widgetCarousel-1-buy-3214-quantityForm-quantity" data-nette-rules='[{"op":":integer","msg":"Množství musí být číslo."}]' value="1" aria-label="počet k přidání">
                <input type="submit" name="_submit" value="Přidat" class="product-quantity-control-submit plus" aria-label="přidat počet do košíku">
            <input type="hidden" name="do" value="productWidget-widgetCarousel-1-buy-3214-quantityForm-submit"><!--[if IE]><input type=IEbug disabled style="display:none"><![endif]-->
</form>

        </div>
</div>
                <p class="product-incart-info accessible">Produkt nemáte v košíku</p>


        </div>

        
    </div>
    <div id="product-append-41982" class="product-item">
        <div class="product-item-flags">
            <div class="flag-sale ">
                <span class="percents">20<small>&#37;</small></span>
            </div>
        </div>
        <div class="product-item-image">
                <a data-href="/napoje/lihoviny?productWidget-widgetCarousel-1-id=41982&amp;do=productWidget-widgetCarousel-1-modal"
                   data-target="productWidget-widgetCarousel-1-productModal"
                   data-product-id="41982"
                   data-product-price="999"
                   data-page-title="Baron Otard V.S.O.P. 0,7 l"
                   data-page-path="/produkt/41982-baron-otard-v-s-o-p-0-7-l"
                   data-user-id=""
                   aria-hidden="true"
                   data-kosikmodal-onclose="onProductModalDestroy"
                   onclick="kosikAjax.click(this, initModalCarousel(this))">
                    <img src="https://cdn.kosik.cz/content/product/jpg/list/placeholder.jpg" data-src="https://cdn.kosik.cz/content/product/jpg/list/59699.jpg" alt="Baron Otard V.S.O.P. 0,7 l" class="loading-images loading-image">
                </a>




        </div>
                <div class="product-item-info">
                <h5><a href="javascript:void(0)" aria-label="Baron Otard V.S.O.P. 0,7 l" data-href="/napoje/lihoviny?productWidget-widgetCarousel-1-id=41982&amp;do=productWidget-widgetCarousel-1-modal" class="product-name modal-link"
                   data-target="productWidget-widgetCarousel-1-productModal" onclick="kosikAjax.click(this, initModalCarousel(this))">
                    Baron Otard V.S.O.P. 0,7 l
                    
                </a></h5>
            <p class="product-item-price product-in-discount">
                <span class="price-before-discount">
					<span><strong class="price">999,00 Kč</strong></span>
				</span>
                <strong class="price">799,00 Kč</strong>

            </p>
            <p class="product-item-unit">
                    (<strong class="price">1,10 Kč</strong> / g)
            </p>
                        <div class="product-list-rating">
            </div>
<div id="snippet-productWidget-widgetCarousel-1-buy-41982-quantity">        <div class="product-quantity-control">
            <form action="/napoje/lihoviny" method="post" class="ajax" id="frm-productWidget-widgetCarousel-1-buy-41982-quantityForm">
                <input type="text" name="quantity" size="3" id="frm-productWidget-widgetCarousel-1-buy-41982-quantityForm-quantity" data-nette-rules='[{"op":":integer","msg":"Množství musí být číslo."}]' value="1" aria-label="počet k přidání">
                <input type="submit" name="_submit" value="Přidat" class="product-quantity-control-submit plus" aria-label="přidat počet do košíku">
            <input type="hidden" name="do" value="productWidget-widgetCarousel-1-buy-41982-quantityForm-submit"><!--[if IE]><input type=IEbug disabled style="display:none"><![endif]-->
</form>

        </div>
</div>
                <p class="product-incart-info accessible">Produkt nemáte v košíku</p>


        </div>

        
    </div>
    <div id="product-append-36096" class="product-item">
        <div class="product-item-flags">
            <div class="flag-sale ">
                <span class="percents">22<small>&#37;</small></span>
            </div>
        </div>
        <div class="product-item-image">
                <a data-href="/napoje/lihoviny?productWidget-widgetCarousel-1-id=36096&amp;do=productWidget-widgetCarousel-1-modal"
                   data-target="productWidget-widgetCarousel-1-productModal"
                   data-product-id="36096"
                   data-product-price="979"
                   data-page-title="Chivas Regal Extra Scotch Whisky 0,7l"
                   data-page-path="/produkt/36096-chivas-regal-extra-scotch-whisky-0-7l"
                   data-user-id=""
                   aria-hidden="true"
                   data-kosikmodal-onclose="onProductModalDestroy"
                   onclick="kosikAjax.click(this, initModalCarousel(this))">
                    <img src="https://cdn.kosik.cz/content/product/jpg/list/placeholder.jpg" data-src="https://cdn.kosik.cz/content/product/jpg/list/53661.jpg" alt="Chivas Regal Extra Scotch Whisky 0,7l" class="loading-images loading-image">
                </a>




        </div>
                <div class="product-item-info">
                <h5><a href="javascript:void(0)" aria-label="Chivas Regal Extra Scotch Whisky 0,7l" data-href="/napoje/lihoviny?productWidget-widgetCarousel-1-id=36096&amp;do=productWidget-widgetCarousel-1-modal" class="product-name modal-link"
                   data-target="productWidget-widgetCarousel-1-productModal" onclick="kosikAjax.click(this, initModalCarousel(this))">
                    Chivas Regal Extra Scotch Whisky 0,7l
                    
                </a></h5>
            <p class="product-item-price product-in-discount">
                <span class="price-before-discount">
					<span><strong class="price">979,00 Kč</strong></span>
				</span>
                <strong class="price">759,00 Kč</strong>

            </p>
            <p class="product-item-unit">
                    (<strong class="price">1 084,30 Kč</strong> / l)
            </p>
                        <div class="product-list-rating">
            </div>
<div id="snippet-productWidget-widgetCarousel-1-buy-36096-quantity">        <div class="product-quantity-control">
            <form action="/napoje/lihoviny" method="post" class="ajax" id="frm-productWidget-widgetCarousel-1-buy-36096-quantityForm">
                <input type="text" name="quantity" size="3" id="frm-productWidget-widgetCarousel-1-buy-36096-quantityForm-quantity" data-nette-rules='[{"op":":integer","msg":"Množství musí být číslo."}]' value="1" aria-label="počet k přidání">
                <input type="submit" name="_submit" value="Přidat" class="product-quantity-control-submit plus" aria-label="přidat počet do košíku">
            <input type="hidden" name="do" value="productWidget-widgetCarousel-1-buy-36096-quantityForm-submit"><!--[if IE]><input type=IEbug disabled style="display:none"><![endif]-->
</form>

        </div>
</div>
                <p class="product-incart-info accessible">Produkt nemáte v košíku</p>


        </div>

        
    </div>
    <div id="product-append-3303" class="product-item">
        <div class="product-item-flags">
            <div class="flag-sale ">
                <span class="percents">24<small>&#37;</small></span>
            </div>
        </div>
        <div class="product-item-image">
                <a data-href="/napoje/lihoviny?productWidget-widgetCarousel-1-id=3303&amp;do=productWidget-widgetCarousel-1-modal"
                   data-target="productWidget-widgetCarousel-1-productModal"
                   data-product-id="3303"
                   data-product-price="989"
                   data-page-title="Glenfiddich 12 Years Old whisky 0,7l"
                   data-page-path="/produkt/3303-glenfiddich-12-years-old-whisky-0-7l"
                   data-user-id=""
                   aria-hidden="true"
                   data-kosikmodal-onclose="onProductModalDestroy"
                   onclick="kosikAjax.click(this, initModalCarousel(this))">
                    <img src="https://cdn.kosik.cz/content/product/jpg/list/placeholder.jpg" data-src="https://cdn.kosik.cz/content/product/jpg/list/3419.jpg" alt="Glenfiddich 12 Years Old whisky 0,7l" class="loading-images loading-image">
                </a>




        </div>
                <div class="product-item-info">
                <h5><a href="javascript:void(0)" aria-label="Glenfiddich 12 Years Old whisky 0,7l" data-href="/napoje/lihoviny?productWidget-widgetCarousel-1-id=3303&amp;do=productWidget-widgetCarousel-1-modal" class="product-name modal-link"
                   data-target="productWidget-widgetCarousel-1-productModal" onclick="kosikAjax.click(this, initModalCarousel(this))">
                    Glenfiddich 12 Years Old whisky 0,7l
                    
                </a></h5>
            <p class="product-item-price product-in-discount">
                <span class="price-before-discount">
					<span><strong class="price">989,00 Kč</strong></span>
				</span>
                <strong class="price">749,00 Kč</strong>

            </p>
            <p class="product-item-unit">
                    (<strong class="price">1 070,00 Kč</strong> / l)
            </p>
                        <div class="product-list-rating">
            </div>
<div id="snippet-productWidget-widgetCarousel-1-buy-3303-quantity">        <div class="product-quantity-control">
            <form action="/napoje/lihoviny" method="post" class="ajax" id="frm-productWidget-widgetCarousel-1-buy-3303-quantityForm">
                <input type="text" name="quantity" size="3" id="frm-productWidget-widgetCarousel-1-buy-3303-quantityForm-quantity" data-nette-rules='[{"op":":integer","msg":"Množství musí být číslo."}]' value="1" aria-label="počet k přidání">
                <input type="submit" name="_submit" value="Přidat" class="product-quantity-control-submit plus" aria-label="přidat počet do košíku">
            <input type="hidden" name="do" value="productWidget-widgetCarousel-1-buy-3303-quantityForm-submit"><!--[if IE]><input type=IEbug disabled style="display:none"><![endif]-->
</form>

        </div>
</div>
                <p class="product-incart-info accessible">Produkt nemáte v košíku</p>


        </div>

        
    </div>
    <div id="product-append-34215" class="product-item">
        <div class="product-item-flags">
            <div class="flag-sale ">
                <span class="percents">20<small>&#37;</small></span>
            </div>
        </div>
        <div class="product-item-image">
                <a data-href="/napoje/lihoviny?productWidget-widgetCarousel-1-id=34215&amp;do=productWidget-widgetCarousel-1-modal"
                   data-target="productWidget-widgetCarousel-1-productModal"
                   data-product-id="34215"
                   data-product-price="949"
                   data-page-title="Chivas Regal 12 YO Whisky 40% 1l"
                   data-page-path="/produkt/34215-chivas-regal-12-yo-whisky-40-1l"
                   data-user-id=""
                   aria-hidden="true"
                   data-kosikmodal-onclose="onProductModalDestroy"
                   onclick="kosikAjax.click(this, initModalCarousel(this))">
                    <img src="https://cdn.kosik.cz/content/product/jpg/list/placeholder.jpg" data-src="https://cdn.kosik.cz/content/product/jpg/list/51690.jpg" alt="Chivas Regal 12 YO Whisky 40% 1l" class="loading-images loading-image">
                </a>




        </div>
                <div class="product-item-info">
                <h5><a href="javascript:void(0)" aria-label="Chivas Regal 12 YO Whisky 40% 1l" data-href="/napoje/lihoviny?productWidget-widgetCarousel-1-id=34215&amp;do=productWidget-widgetCarousel-1-modal" class="product-name modal-link"
                   data-target="productWidget-widgetCarousel-1-productModal" onclick="kosikAjax.click(this, initModalCarousel(this))">
                    Chivas Regal 12 YO Whisky 40% 1l
                    
                </a></h5>
            <p class="product-item-price product-in-discount">
                <span class="price-before-discount">
					<span><strong class="price">949,00 Kč</strong></span>
				</span>
                <strong class="price">759,00 Kč</strong>

            </p>
            <p class="product-item-unit">
                    (<strong class="price">759,00 Kč</strong> / l)
            </p>
                        <div class="product-list-rating">
            </div>
<div id="snippet-productWidget-widgetCarousel-1-buy-34215-quantity">        <div class="product-quantity-control">
            <form action="/napoje/lihoviny" method="post" class="ajax" id="frm-productWidget-widgetCarousel-1-buy-34215-quantityForm">
                <input type="text" name="quantity" size="3" id="frm-productWidget-widgetCarousel-1-buy-34215-quantityForm-quantity" data-nette-rules='[{"op":":integer","msg":"Množství musí být číslo."}]' value="1" aria-label="počet k přidání">
                <input type="submit" name="_submit" value="Přidat" class="product-quantity-control-submit plus" aria-label="přidat počet do košíku">
            <input type="hidden" name="do" value="productWidget-widgetCarousel-1-buy-34215-quantityForm-submit"><!--[if IE]><input type=IEbug disabled style="display:none"><![endif]-->
</form>

        </div>
</div>
                <p class="product-incart-info accessible">Produkt nemáte v košíku</p>


        </div>

        
    </div>
    <div id="product-append-3210" class="product-item">
        <div class="product-item-flags">
        </div>
        <div class="product-item-image">
                <a data-href="/napoje/lihoviny?productWidget-widgetCarousel-1-id=3210&amp;do=productWidget-widgetCarousel-1-modal"
                   data-target="productWidget-widgetCarousel-1-productModal"
                   data-product-id="3210"
                   data-product-price="849"
                   data-page-title="Metaxa 12* dárkový box 0,7l"
                   data-page-path="/produkt/3210-metaxa-12-darkovy-box-0-7l"
                   data-user-id=""
                   aria-hidden="true"
                   data-kosikmodal-onclose="onProductModalDestroy"
                   onclick="kosikAjax.click(this, initModalCarousel(this))">
                    <img src="https://cdn.kosik.cz/content/product/jpg/list/placeholder.jpg" data-src="https://cdn.kosik.cz/content/product/jpg/list/3326.jpg" alt="Metaxa 12* dárkový box 0,7l" class="loading-images loading-image">
                </a>




        </div>
                <div class="product-item-info">
                <h5><a href="javascript:void(0)" aria-label="Metaxa 12* dárkový box 0,7l" data-href="/napoje/lihoviny?productWidget-widgetCarousel-1-id=3210&amp;do=productWidget-widgetCarousel-1-modal" class="product-name modal-link"
                   data-target="productWidget-widgetCarousel-1-productModal" onclick="kosikAjax.click(this, initModalCarousel(this))">
                    Metaxa 12* dárkový box 0,7l
                    
                </a></h5>
            <p class="product-item-price ">
                <span class="price-before-discount">
				</span>
                <strong class="price">849,00 Kč</strong>

            </p>
            <p class="product-item-unit">
                    (<strong class="price">1 212,90 Kč</strong> / l)
            </p>
                        <div class="product-list-rating">
            </div>
<div id="snippet-productWidget-widgetCarousel-1-buy-3210-quantity">        <div class="product-quantity-control">
            <form action="/napoje/lihoviny" method="post" class="ajax" id="frm-productWidget-widgetCarousel-1-buy-3210-quantityForm">
                <input type="text" name="quantity" size="3" id="frm-productWidget-widgetCarousel-1-buy-3210-quantityForm-quantity" data-nette-rules='[{"op":":integer","msg":"Množství musí být číslo."}]' value="1" aria-label="počet k přidání">
                <input type="submit" name="_submit" value="Přidat" class="product-quantity-control-submit plus" aria-label="přidat počet do košíku">
            <input type="hidden" name="do" value="productWidget-widgetCarousel-1-buy-3210-quantityForm-submit"><!--[if IE]><input type=IEbug disabled style="display:none"><![endif]-->
</form>

        </div>
</div>
                <p class="product-incart-info accessible">Produkt nemáte v košíku</p>


        </div>

        
    </div>
    <div id="product-append-3213" class="product-item">
        <div class="product-item-flags">
        </div>
        <div class="product-item-image">
                <a data-href="/napoje/lihoviny?productWidget-widgetCarousel-1-id=3213&amp;do=productWidget-widgetCarousel-1-modal"
                   data-target="productWidget-widgetCarousel-1-productModal"
                   data-product-id="3213"
                   data-product-price="519"
                   data-page-title="Metaxa 7 Star 0,7l"
                   data-page-path="/produkt/3213-metaxa-7-star-0-7l"
                   data-user-id=""
                   aria-hidden="true"
                   data-kosikmodal-onclose="onProductModalDestroy"
                   onclick="kosikAjax.click(this, initModalCarousel(this))">
                    <img src="https://cdn.kosik.cz/content/product/jpg/list/placeholder.jpg" data-src="https://cdn.kosik.cz/content/product/jpg/list/3329.jpg" alt="Metaxa 7 Star 0,7l" class="loading-images loading-image">
                </a>




        </div>
                <div class="product-item-info">
                <h5><a href="javascript:void(0)" aria-label="Metaxa 7 Star 0,7l" data-href="/napoje/lihoviny?productWidget-widgetCarousel-1-id=3213&amp;do=productWidget-widgetCarousel-1-modal" class="product-name modal-link"
                   data-target="productWidget-widgetCarousel-1-productModal" onclick="kosikAjax.click(this, initModalCarousel(this))">
                    Metaxa 7 Star 0,7l
                    
                </a></h5>
            <p class="product-item-price ">
                <span class="price-before-discount">
				</span>
                <strong class="price">519,00 Kč</strong>

            </p>
            <p class="product-item-unit">
                    (<strong class="price">741,40 Kč</strong> / l)
            </p>
                        <div class="product-list-rating">
            </div>
<div id="snippet-productWidget-widgetCarousel-1-buy-3213-quantity">        <div class="product-quantity-control">
            <form action="/napoje/lihoviny" method="post" class="ajax" id="frm-productWidget-widgetCarousel-1-buy-3213-quantityForm">
                <input type="text" name="quantity" size="3" id="frm-productWidget-widgetCarousel-1-buy-3213-quantityForm-quantity" data-nette-rules='[{"op":":integer","msg":"Množství musí být číslo."}]' value="1" aria-label="počet k přidání">
                <input type="submit" name="_submit" value="Přidat" class="product-quantity-control-submit plus" aria-label="přidat počet do košíku">
            <input type="hidden" name="do" value="productWidget-widgetCarousel-1-buy-3213-quantityForm-submit"><!--[if IE]><input type=IEbug disabled style="display:none"><![endif]-->
</form>

        </div>
</div>
                <p class="product-incart-info accessible">Produkt nemáte v košíku</p>


        </div>

        
    </div>
    <div id="product-append-35978" class="product-item">
        <div class="product-item-flags">
            <div class="flag-sale ">
                <span class="percents">16<small>&#37;</small></span>
            </div>
        </div>
        <div class="product-item-image">
                <a data-href="/napoje/lihoviny?productWidget-widgetCarousel-1-id=35978&amp;do=productWidget-widgetCarousel-1-modal"
                   data-target="productWidget-widgetCarousel-1-productModal"
                   data-product-id="35978"
                   data-product-price="829"
                   data-page-title="Ballantine's 12 Scotch whisky 40% 0,7l"
                   data-page-path="/produkt/35978-ballantine-s-12-scotch-whisky-40-0-7l"
                   data-user-id=""
                   aria-hidden="true"
                   data-kosikmodal-onclose="onProductModalDestroy"
                   onclick="kosikAjax.click(this, initModalCarousel(this))">
                    <img src="https://cdn.kosik.cz/content/product/jpg/list/placeholder.jpg" data-src="https://cdn.kosik.cz/content/product/jpg/list/53542.jpg" alt="Ballantine's 12 Scotch whisky 40% 0,7l" class="loading-images loading-image">
                </a>




        </div>
                <div class="product-item-info">
                <h5><a href="javascript:void(0)" aria-label="Ballantine's 12 Scotch whisky 40% 0,7l" data-href="/napoje/lihoviny?productWidget-widgetCarousel-1-id=35978&amp;do=productWidget-widgetCarousel-1-modal" class="product-name modal-link"
                   data-target="productWidget-widgetCarousel-1-productModal" onclick="kosikAjax.click(this, initModalCarousel(this))">
                    Ballantine's 12 Scotch whisky 40% 0,7l
                    
                </a></h5>
            <p class="product-item-price product-in-discount">
                <span class="price-before-discount">
					<span><strong class="price">829,00 Kč</strong></span>
				</span>
                <strong class="price">699,00 Kč</strong>

            </p>
            <p class="product-item-unit">
                    (<strong class="price">998,60 Kč</strong> / l)
            </p>
                        <div class="product-list-rating">
            </div>
<div id="snippet-productWidget-widgetCarousel-1-buy-35978-quantity">        <div class="product-quantity-control">
            <form action="/napoje/lihoviny" method="post" class="ajax" id="frm-productWidget-widgetCarousel-1-buy-35978-quantityForm">
                <input type="text" name="quantity" size="3" id="frm-productWidget-widgetCarousel-1-buy-35978-quantityForm-quantity" data-nette-rules='[{"op":":integer","msg":"Množství musí být číslo."}]' value="1" aria-label="počet k přidání">
                <input type="submit" name="_submit" value="Přidat" class="product-quantity-control-submit plus" aria-label="přidat počet do košíku">
            <input type="hidden" name="do" value="productWidget-widgetCarousel-1-buy-35978-quantityForm-submit"><!--[if IE]><input type=IEbug disabled style="display:none"><![endif]-->
</form>

        </div>
</div>
                <p class="product-incart-info accessible">Produkt nemáte v košíku</p>


        </div>

        
    </div>
    <div id="product-append-24907" class="product-item">
        <div class="product-item-flags">
            <div class="flag-sale ">
                <span class="percents">19<small>&#37;</small></span>
            </div>
        </div>
        <div class="product-item-image">
                <a data-href="/napoje/lihoviny?productWidget-widgetCarousel-1-id=24907&amp;do=productWidget-widgetCarousel-1-modal"
                   data-target="productWidget-widgetCarousel-1-productModal"
                   data-product-id="24907"
                   data-product-price="799.9"
                   data-page-title="Label 5 skotská whisky 12yo 40%  0,7l"
                   data-page-path="/produkt/24907-label-5-skotska-whisky-12yo-40-0-7l"
                   data-user-id=""
                   aria-hidden="true"
                   data-kosikmodal-onclose="onProductModalDestroy"
                   onclick="kosikAjax.click(this, initModalCarousel(this))">
                    <img src="https://cdn.kosik.cz/content/product/jpg/list/placeholder.jpg" data-src="https://cdn.kosik.cz/content/product/jpg/list/42180.jpg" alt="Label 5 skotská whisky 12yo 40%  0,7l" class="loading-images loading-image">
                </a>




        </div>
                <div class="product-item-info">
                <h5><a href="javascript:void(0)" aria-label="Label 5 skotská whisky 12yo 40%  0,7l" data-href="/napoje/lihoviny?productWidget-widgetCarousel-1-id=24907&amp;do=productWidget-widgetCarousel-1-modal" class="product-name modal-link"
                   data-target="productWidget-widgetCarousel-1-productModal" onclick="kosikAjax.click(this, initModalCarousel(this))">
                    Label 5 skotská whisky 12yo 40%  0,7l
                    
                </a></h5>
            <p class="product-item-price product-in-discount">
                <span class="price-before-discount">
					<span><strong class="price">799,90 Kč</strong></span>
				</span>
                <strong class="price">649,00 Kč</strong>

            </p>
            <p class="product-item-unit">
                    (<strong class="price">927,10 Kč</strong> / l)
            </p>
                        <div class="product-list-rating">
            </div>
<div id="snippet-productWidget-widgetCarousel-1-buy-24907-quantity">        <div class="product-quantity-control">
            <form action="/napoje/lihoviny" method="post" class="ajax" id="frm-productWidget-widgetCarousel-1-buy-24907-quantityForm">
                <input type="text" name="quantity" size="3" id="frm-productWidget-widgetCarousel-1-buy-24907-quantityForm-quantity" data-nette-rules='[{"op":":integer","msg":"Množství musí být číslo."}]' value="1" aria-label="počet k přidání">
                <input type="submit" name="_submit" value="Přidat" class="product-quantity-control-submit plus" aria-label="přidat počet do košíku">
            <input type="hidden" name="do" value="productWidget-widgetCarousel-1-buy-24907-quantityForm-submit"><!--[if IE]><input type=IEbug disabled style="display:none"><![endif]-->
</form>

        </div>
</div>
                <p class="product-incart-info accessible">Produkt nemáte v košíku</p>


        </div>

        
    </div>
    <div id="product-append-34212" class="product-item">
        <div class="product-item-flags">
            <div class="flag-sale ">
                <span class="percents">19<small>&#37;</small></span>
            </div>
        </div>
        <div class="product-item-image">
                <a data-href="/napoje/lihoviny?productWidget-widgetCarousel-1-id=34212&amp;do=productWidget-widgetCarousel-1-modal"
                   data-target="productWidget-widgetCarousel-1-productModal"
                   data-product-id="34212"
                   data-product-price="799"
                   data-page-title="Martell V.S. Koňak 0,7l"
                   data-page-path="/produkt/34212-martell-v-s-konak-0-7l"
                   data-user-id=""
                   aria-hidden="true"
                   data-kosikmodal-onclose="onProductModalDestroy"
                   onclick="kosikAjax.click(this, initModalCarousel(this))">
                    <img src="https://cdn.kosik.cz/content/product/jpg/list/placeholder.jpg" data-src="https://cdn.kosik.cz/content/product/jpg/list/51687.jpg" alt="Martell V.S. Koňak 0,7l" class="loading-images loading-image">
                </a>




        </div>
                <div class="product-item-info">
                <h5><a href="javascript:void(0)" aria-label="Martell V.S. Koňak 0,7l" data-href="/napoje/lihoviny?productWidget-widgetCarousel-1-id=34212&amp;do=productWidget-widgetCarousel-1-modal" class="product-name modal-link"
                   data-target="productWidget-widgetCarousel-1-productModal" onclick="kosikAjax.click(this, initModalCarousel(this))">
                    Martell V.S. Koňak 0,7l
                    
                </a></h5>
            <p class="product-item-price product-in-discount">
                <span class="price-before-discount">
					<span><strong class="price">799,00 Kč</strong></span>
				</span>
                <strong class="price">649,00 Kč</strong>

            </p>
            <p class="product-item-unit">
                    (<strong class="price">927,10 Kč</strong> / l)
            </p>
                        <div class="product-list-rating">
            </div>
<div id="snippet-productWidget-widgetCarousel-1-buy-34212-quantity">        <div class="product-quantity-control">
            <form action="/napoje/lihoviny" method="post" class="ajax" id="frm-productWidget-widgetCarousel-1-buy-34212-quantityForm">
                <input type="text" name="quantity" size="3" id="frm-productWidget-widgetCarousel-1-buy-34212-quantityForm-quantity" data-nette-rules='[{"op":":integer","msg":"Množství musí být číslo."}]' value="1" aria-label="počet k přidání">
                <input type="submit" name="_submit" value="Přidat" class="product-quantity-control-submit plus" aria-label="přidat počet do košíku">
            <input type="hidden" name="do" value="productWidget-widgetCarousel-1-buy-34212-quantityForm-submit"><!--[if IE]><input type=IEbug disabled style="display:none"><![endif]-->
</form>

        </div>
</div>
                <p class="product-incart-info accessible">Produkt nemáte v košíku</p>


        </div>

        
    </div>
    <div id="product-append-4121" class="product-item">
        <div class="product-item-flags">
            <div class="flag-sale ">
                <span class="percents">19<small>&#37;</small></span>
            </div>
        </div>
        <div class="product-item-image">
                <a data-href="/napoje/lihoviny?productWidget-widgetCarousel-1-id=4121&amp;do=productWidget-widgetCarousel-1-modal"
                   data-target="productWidget-widgetCarousel-1-productModal"
                   data-product-id="4121"
                   data-product-price="799"
                   data-page-title="Courvoisier VS 40%, 700ml"
                   data-page-path="/produkt/4121-courvoisier-vs-40-700ml"
                   data-user-id=""
                   aria-hidden="true"
                   data-kosikmodal-onclose="onProductModalDestroy"
                   onclick="kosikAjax.click(this, initModalCarousel(this))">
                    <img src="https://cdn.kosik.cz/content/product/jpg/list/placeholder.jpg" data-src="https://cdn.kosik.cz/content/product/jpg/list/4295.jpg" alt="Courvoisier VS 40%, 700ml" class="loading-images loading-image">
                </a>




        </div>
                <div class="product-item-info">
                <h5><a href="javascript:void(0)" aria-label="Courvoisier VS 40%, 700ml" data-href="/napoje/lihoviny?productWidget-widgetCarousel-1-id=4121&amp;do=productWidget-widgetCarousel-1-modal" class="product-name modal-link"
                   data-target="productWidget-widgetCarousel-1-productModal" onclick="kosikAjax.click(this, initModalCarousel(this))">
                    Courvoisier VS 40%, 700ml
                    
                </a></h5>
            <p class="product-item-price product-in-discount">
                <span class="price-before-discount">
					<span><strong class="price">799,00 Kč</strong></span>
				</span>
                <strong class="price">649,00 Kč</strong>

            </p>
            <p class="product-item-unit">
                    (<strong class="price">927,10 Kč</strong> / l)
            </p>
                        <div class="product-list-rating">
            </div>
<div id="snippet-productWidget-widgetCarousel-1-buy-4121-quantity">        <div class="product-quantity-control">
            <form action="/napoje/lihoviny" method="post" class="ajax" id="frm-productWidget-widgetCarousel-1-buy-4121-quantityForm">
                <input type="text" name="quantity" size="3" id="frm-productWidget-widgetCarousel-1-buy-4121-quantityForm-quantity" data-nette-rules='[{"op":":integer","msg":"Množství musí být číslo."}]' value="1" aria-label="počet k přidání">
                <input type="submit" name="_submit" value="Přidat" class="product-quantity-control-submit plus" aria-label="přidat počet do košíku">
            <input type="hidden" name="do" value="productWidget-widgetCarousel-1-buy-4121-quantityForm-submit"><!--[if IE]><input type=IEbug disabled style="display:none"><![endif]-->
</form>

        </div>
</div>
                <p class="product-incart-info accessible">Produkt nemáte v košíku</p>


        </div>

        
    </div>
    <div id="product-append-28905" class="product-item">
        <div class="product-item-flags">
            <div class="flag-sale ">
                <span class="percents">26<small>&#37;</small></span>
            </div>
        </div>
        <div class="product-item-image">
                <a data-href="/napoje/lihoviny?productWidget-widgetCarousel-1-id=28905&amp;do=productWidget-widgetCarousel-1-modal"
                   data-target="productWidget-widgetCarousel-1-productModal"
                   data-product-id="28905"
                   data-product-price="769"
                   data-page-title="Favraud Cognac VSOP 0,7l 40%"
                   data-page-path="/produkt/28905-favraud-cognac-vsop-0-7l-40"
                   data-user-id=""
                   aria-hidden="true"
                   data-kosikmodal-onclose="onProductModalDestroy"
                   onclick="kosikAjax.click(this, initModalCarousel(this))">
                    <img src="https://cdn.kosik.cz/content/product/jpg/list/placeholder.jpg" data-src="https://cdn.kosik.cz/content/product/jpg/list/46275.jpg" alt="Favraud Cognac VSOP 0,7l 40%" class="loading-images loading-image">
                </a>




        </div>
                <div class="product-item-info">
                <h5><a href="javascript:void(0)" aria-label="Favraud Cognac VSOP 0,7l 40%" data-href="/napoje/lihoviny?productWidget-widgetCarousel-1-id=28905&amp;do=productWidget-widgetCarousel-1-modal" class="product-name modal-link"
                   data-target="productWidget-widgetCarousel-1-productModal" onclick="kosikAjax.click(this, initModalCarousel(this))">
                    Favraud Cognac VSOP 0,7l 40%
                    
                </a></h5>
            <p class="product-item-price product-in-discount">
                <span class="price-before-discount">
					<span><strong class="price">769,00 Kč</strong></span>
				</span>
                <strong class="price">569,00 Kč</strong>

            </p>
            <p class="product-item-unit">
                    (<strong class="price">812,90 Kč</strong> / l)
            </p>
                        <div class="product-list-rating">
            </div>
<div id="snippet-productWidget-widgetCarousel-1-buy-28905-quantity">        <div class="product-quantity-control">
            <form action="/napoje/lihoviny" method="post" class="ajax" id="frm-productWidget-widgetCarousel-1-buy-28905-quantityForm">
                <input type="text" name="quantity" size="3" id="frm-productWidget-widgetCarousel-1-buy-28905-quantityForm-quantity" data-nette-rules='[{"op":":integer","msg":"Množství musí být číslo."}]' value="1" aria-label="počet k přidání">
                <input type="submit" name="_submit" value="Přidat" class="product-quantity-control-submit plus" aria-label="přidat počet do košíku">
            <input type="hidden" name="do" value="productWidget-widgetCarousel-1-buy-28905-quantityForm-submit"><!--[if IE]><input type=IEbug disabled style="display:none"><![endif]-->
</form>

        </div>
</div>
                <p class="product-incart-info accessible">Produkt nemáte v košíku</p>


        </div>

        
    </div>
    <div id="product-append-24934" class="product-item">
        <div class="product-item-flags">
            <div class="flag-sale ">
                <span class="percents">20<small>&#37;</small></span>
            </div>
        </div>
        <div class="product-item-image">
                <a data-href="/napoje/lihoviny?productWidget-widgetCarousel-1-id=24934&amp;do=productWidget-widgetCarousel-1-modal"
                   data-target="productWidget-widgetCarousel-1-productModal"
                   data-product-id="24934"
                   data-product-price="749"
                   data-page-title="Camus VS Elegance Cognac 40% 0,7l"
                   data-page-path="/produkt/24934-camus-vs-elegance-cognac-40-0-7l"
                   data-user-id=""
                   aria-hidden="true"
                   data-kosikmodal-onclose="onProductModalDestroy"
                   onclick="kosikAjax.click(this, initModalCarousel(this))">
                    <img src="https://cdn.kosik.cz/content/product/jpg/list/placeholder.jpg" data-src="https://cdn.kosik.cz/content/product/jpg/list/42207.jpg" alt="Camus VS Elegance Cognac 40% 0,7l" class="loading-images loading-image">
                </a>




        </div>
                <div class="product-item-info">
                <h5><a href="javascript:void(0)" aria-label="Camus VS Elegance Cognac 40% 0,7l" data-href="/napoje/lihoviny?productWidget-widgetCarousel-1-id=24934&amp;do=productWidget-widgetCarousel-1-modal" class="product-name modal-link"
                   data-target="productWidget-widgetCarousel-1-productModal" onclick="kosikAjax.click(this, initModalCarousel(this))">
                    Camus VS Elegance Cognac 40% 0,7l
                    
                </a></h5>
            <p class="product-item-price product-in-discount">
                <span class="price-before-discount">
					<span><strong class="price">749,00 Kč</strong></span>
				</span>
                <strong class="price">599,00 Kč</strong>

            </p>
            <p class="product-item-unit">
                    (<strong class="price">855,70 Kč</strong> / l)
            </p>
                        <div class="product-list-rating">
            </div>
<div id="snippet-productWidget-widgetCarousel-1-buy-24934-quantity">        <div class="product-quantity-control">
            <form action="/napoje/lihoviny" method="post" class="ajax" id="frm-productWidget-widgetCarousel-1-buy-24934-quantityForm">
                <input type="text" name="quantity" size="3" id="frm-productWidget-widgetCarousel-1-buy-24934-quantityForm-quantity" data-nette-rules='[{"op":":integer","msg":"Množství musí být číslo."}]' value="1" aria-label="počet k přidání">
                <input type="submit" name="_submit" value="Přidat" class="product-quantity-control-submit plus" aria-label="přidat počet do košíku">
            <input type="hidden" name="do" value="productWidget-widgetCarousel-1-buy-24934-quantityForm-submit"><!--[if IE]><input type=IEbug disabled style="display:none"><![endif]-->
</form>

        </div>
</div>
                <p class="product-incart-info accessible">Produkt nemáte v košíku</p>


        </div>

        
    </div>
    <div id="product-append-24944" class="product-item">
        <div class="product-item-flags">
            <div class="flag-sale ">
                <span class="percents">19<small>&#37;</small></span>
            </div>
        </div>
        <div class="product-item-image">
                <a data-href="/napoje/lihoviny?productWidget-widgetCarousel-1-id=24944&amp;do=productWidget-widgetCarousel-1-modal"
                   data-target="productWidget-widgetCarousel-1-productModal"
                   data-product-id="24944"
                   data-product-price="689.9"
                   data-page-title="Osborne Brandy Carlos I. 38%  0,7l"
                   data-page-path="/produkt/24944-osborne-brandy-carlos-i-38-0-7l"
                   data-user-id=""
                   aria-hidden="true"
                   data-kosikmodal-onclose="onProductModalDestroy"
                   onclick="kosikAjax.click(this, initModalCarousel(this))">
                    <img src="https://cdn.kosik.cz/content/product/jpg/list/placeholder.jpg" data-src="https://cdn.kosik.cz/content/product/jpg/list/42217.jpg" alt="Osborne Brandy Carlos I. 38%  0,7l" class="loading-images loading-image">
                </a>




        </div>
                <div class="product-item-info">
                <h5><a href="javascript:void(0)" aria-label="Osborne Brandy Carlos I. 38%  0,7l" data-href="/napoje/lihoviny?productWidget-widgetCarousel-1-id=24944&amp;do=productWidget-widgetCarousel-1-modal" class="product-name modal-link"
                   data-target="productWidget-widgetCarousel-1-productModal" onclick="kosikAjax.click(this, initModalCarousel(this))">
                    Osborne Brandy Carlos I. 38%  0,7l
                    
                </a></h5>
            <p class="product-item-price product-in-discount">
                <span class="price-before-discount">
					<span><strong class="price">689,90 Kč</strong></span>
				</span>
                <strong class="price">559,00 Kč</strong>

            </p>
            <p class="product-item-unit">
                    (<strong class="price">798,60 Kč</strong> / l)
            </p>
                        <div class="product-list-rating">
            </div>
<div id="snippet-productWidget-widgetCarousel-1-buy-24944-quantity">        <div class="product-quantity-control">
            <form action="/napoje/lihoviny" method="post" class="ajax" id="frm-productWidget-widgetCarousel-1-buy-24944-quantityForm">
                <input type="text" name="quantity" size="3" id="frm-productWidget-widgetCarousel-1-buy-24944-quantityForm-quantity" data-nette-rules='[{"op":":integer","msg":"Množství musí být číslo."}]' value="1" aria-label="počet k přidání">
                <input type="submit" name="_submit" value="Přidat" class="product-quantity-control-submit plus" aria-label="přidat počet do košíku">
            <input type="hidden" name="do" value="productWidget-widgetCarousel-1-buy-24944-quantityForm-submit"><!--[if IE]><input type=IEbug disabled style="display:none"><![endif]-->
</form>

        </div>
</div>
                <p class="product-incart-info accessible">Produkt nemáte v košíku</p>


        </div>

        
    </div>
    <div id="product-append-3314" class="product-item">
        <div class="product-item-flags">
        </div>
        <div class="product-item-image">
                <a data-href="/napoje/lihoviny?productWidget-widgetCarousel-1-id=3314&amp;do=productWidget-widgetCarousel-1-modal"
                   data-target="productWidget-widgetCarousel-1-productModal"
                   data-product-id="3314"
                   data-product-price="889"
                   data-page-title="Jameson Black Barrel 0,7l"
                   data-page-path="/produkt/3314-jameson-black-barrel-0-7l"
                   data-user-id=""
                   aria-hidden="true"
                   data-kosikmodal-onclose="onProductModalDestroy"
                   onclick="kosikAjax.click(this, initModalCarousel(this))">
                    <img src="https://cdn.kosik.cz/content/product/jpg/list/placeholder.jpg" data-src="https://cdn.kosik.cz/content/product/jpg/list/3430.jpg" alt="Jameson Black Barrel 0,7l" class="loading-images loading-image">
                </a>




        </div>
                <div class="product-item-info">
                <h5><a href="javascript:void(0)" aria-label="Jameson Black Barrel 0,7l" data-href="/napoje/lihoviny?productWidget-widgetCarousel-1-id=3314&amp;do=productWidget-widgetCarousel-1-modal" class="product-name modal-link"
                   data-target="productWidget-widgetCarousel-1-productModal" onclick="kosikAjax.click(this, initModalCarousel(this))">
                    Jameson Black Barrel 0,7l
                    
                </a></h5>
            <p class="product-item-price ">
                <span class="price-before-discount">
				</span>
                <strong class="price">889,00 Kč</strong>

            </p>
            <p class="product-item-unit">
                    (<strong class="price">1 270,00 Kč</strong> / l)
            </p>
                        <div class="product-list-rating">
            </div>
<div id="snippet-productWidget-widgetCarousel-1-buy-3314-quantity">        <div class="product-quantity-control">
            <form action="/napoje/lihoviny" method="post" class="ajax" id="frm-productWidget-widgetCarousel-1-buy-3314-quantityForm">
                <input type="text" name="quantity" size="3" id="frm-productWidget-widgetCarousel-1-buy-3314-quantityForm-quantity" data-nette-rules='[{"op":":integer","msg":"Množství musí být číslo."}]' value="1" aria-label="počet k přidání">
                <input type="submit" name="_submit" value="Přidat" class="product-quantity-control-submit plus" aria-label="přidat počet do košíku">
            <input type="hidden" name="do" value="productWidget-widgetCarousel-1-buy-3314-quantityForm-submit"><!--[if IE]><input type=IEbug disabled style="display:none"><![endif]-->
</form>

        </div>
</div>
                <p class="product-incart-info accessible">Produkt nemáte v košíku</p>


        </div>

        
    </div>
    <div id="product-append-3313" class="product-item">
        <div class="product-item-flags">
        </div>
        <div class="product-item-image">
                <a data-href="/napoje/lihoviny?productWidget-widgetCarousel-1-id=3313&amp;do=productWidget-widgetCarousel-1-modal"
                   data-target="productWidget-widgetCarousel-1-productModal"
                   data-product-id="3313"
                   data-product-price="549"
                   data-page-title="Jameson Irská whiskey v plechové tubě 0,7l"
                   data-page-path="/produkt/3313-jameson-irska-whiskey-v-plechove-tube-0-7l"
                   data-user-id=""
                   aria-hidden="true"
                   data-kosikmodal-onclose="onProductModalDestroy"
                   onclick="kosikAjax.click(this, initModalCarousel(this))">
                    <img src="https://cdn.kosik.cz/content/product/jpg/list/placeholder.jpg" data-src="https://cdn.kosik.cz/content/product/jpg/list/3429.jpg" alt="Jameson Irská whiskey v plechové tubě 0,7l" class="loading-images loading-image">
                </a>




        </div>
                <div class="product-item-info">
                <h5><a href="javascript:void(0)" aria-label="Jameson Irská whiskey v plechové tubě 0,7l" data-href="/napoje/lihoviny?productWidget-widgetCarousel-1-id=3313&amp;do=productWidget-widgetCarousel-1-modal" class="product-name modal-link"
                   data-target="productWidget-widgetCarousel-1-productModal" onclick="kosikAjax.click(this, initModalCarousel(this))">
                    Jameson Irská whiskey v plechové tubě 0,7l
                    
                </a></h5>
            <p class="product-item-price ">
                <span class="price-before-discount">
				</span>
                <strong class="price">549,00 Kč</strong>

            </p>
            <p class="product-item-unit">
                    (<strong class="price">784,30 Kč</strong> / l)
            </p>
                        <div class="product-list-rating">
            </div>
<div id="snippet-productWidget-widgetCarousel-1-buy-3313-quantity">        <div class="product-quantity-control">
            <form action="/napoje/lihoviny" method="post" class="ajax" id="frm-productWidget-widgetCarousel-1-buy-3313-quantityForm">
                <input type="text" name="quantity" size="3" id="frm-productWidget-widgetCarousel-1-buy-3313-quantityForm-quantity" data-nette-rules='[{"op":":integer","msg":"Množství musí být číslo."}]' value="1" aria-label="počet k přidání">
                <input type="submit" name="_submit" value="Přidat" class="product-quantity-control-submit plus" aria-label="přidat počet do košíku">
            <input type="hidden" name="do" value="productWidget-widgetCarousel-1-buy-3313-quantityForm-submit"><!--[if IE]><input type=IEbug disabled style="display:none"><![endif]-->
</form>

        </div>
</div>
                <p class="product-incart-info accessible">Produkt nemáte v košíku</p>


        </div>

        
    </div>
    <div id="product-append-38684" class="product-item">
        <div class="product-item-flags">
            <div class="flag-sale ">
                <span class="percents">15<small>&#37;</small></span>
            </div>
        </div>
        <div class="product-item-image">
                <a data-href="/napoje/lihoviny?productWidget-widgetCarousel-1-id=38684&amp;do=productWidget-widgetCarousel-1-modal"
                   data-target="productWidget-widgetCarousel-1-productModal"
                   data-product-id="38684"
                   data-product-price="549"
                   data-page-title="Wild Turkey 81 Bourbon Whisky Wooden Box 0,7l"
                   data-page-path="/produkt/38684-wild-turkey-81-bourbon-whisky-wooden-box-0-7l"
                   data-user-id=""
                   aria-hidden="true"
                   data-kosikmodal-onclose="onProductModalDestroy"
                   onclick="kosikAjax.click(this, initModalCarousel(this))">
                    <img src="https://cdn.kosik.cz/content/product/jpg/list/placeholder.jpg" data-src="https://cdn.kosik.cz/content/product/jpg/list/56399.jpg" alt="Wild Turkey 81 Bourbon Whisky Wooden Box 0,7l" class="loading-images loading-image">
                </a>




        </div>
                <div class="product-item-info">
                <h5><a href="javascript:void(0)" aria-label="Wild Turkey 81 Bourbon Whisky Wooden Box 0,7l" data-href="/napoje/lihoviny?productWidget-widgetCarousel-1-id=38684&amp;do=productWidget-widgetCarousel-1-modal" class="product-name modal-link"
                   data-target="productWidget-widgetCarousel-1-productModal" onclick="kosikAjax.click(this, initModalCarousel(this))">
                    Wild Turkey 81 Bourbon Whisky Wooden Box 0,7l
                    
                </a></h5>
            <p class="product-item-price product-in-discount">
                <span class="price-before-discount">
					<span><strong class="price">549,00 Kč</strong></span>
				</span>
                <strong class="price">469,00 Kč</strong>

            </p>
            <p class="product-item-unit">
                    (<strong class="price">0,70 Kč</strong> / g)
            </p>
                        <div class="product-list-rating">
            </div>
<div id="snippet-productWidget-widgetCarousel-1-buy-38684-quantity">        <div class="product-quantity-control">
            <form action="/napoje/lihoviny" method="post" class="ajax" id="frm-productWidget-widgetCarousel-1-buy-38684-quantityForm">
                <input type="text" name="quantity" size="3" id="frm-productWidget-widgetCarousel-1-buy-38684-quantityForm-quantity" data-nette-rules='[{"op":":integer","msg":"Množství musí být číslo."}]' value="1" aria-label="počet k přidání">
                <input type="submit" name="_submit" value="Přidat" class="product-quantity-control-submit plus" aria-label="přidat počet do košíku">
            <input type="hidden" name="do" value="productWidget-widgetCarousel-1-buy-38684-quantityForm-submit"><!--[if IE]><input type=IEbug disabled style="display:none"><![endif]-->
</form>

        </div>
</div>
                <p class="product-incart-info accessible">Produkt nemáte v košíku</p>


        </div>

        
    </div>
    <div id="product-append-35976" class="product-item">
        <div class="product-item-flags">
            <div class="flag-sale ">
                <span class="percents">25<small>&#37;</small></span>
            </div>
        </div>
        <div class="product-item-image">
                <a data-href="/napoje/lihoviny?productWidget-widgetCarousel-1-id=35976&amp;do=productWidget-widgetCarousel-1-modal"
                   data-target="productWidget-widgetCarousel-1-productModal"
                   data-product-id="35976"
                   data-product-price="1199.9"
                   data-page-title="Havana Club Selection de Maestros 0.7l"
                   data-page-path="/produkt/35976-havana-club-selection-de-maestros-0-7l"
                   data-user-id=""
                   aria-hidden="true"
                   data-kosikmodal-onclose="onProductModalDestroy"
                   onclick="kosikAjax.click(this, initModalCarousel(this))">
                    <img src="https://cdn.kosik.cz/content/product/jpg/list/placeholder.jpg" data-src="https://cdn.kosik.cz/content/product/jpg/list/53540.jpg" alt="Havana Club Selection de Maestros 0.7l" class="loading-images loading-image">
                </a>




        </div>
                <div class="product-item-info">
                <h5><a href="javascript:void(0)" aria-label="Havana Club Selection de Maestros 0.7l" data-href="/napoje/lihoviny?productWidget-widgetCarousel-1-id=35976&amp;do=productWidget-widgetCarousel-1-modal" class="product-name modal-link"
                   data-target="productWidget-widgetCarousel-1-productModal" onclick="kosikAjax.click(this, initModalCarousel(this))">
                    Havana Club Selection de Maestros 0.7l
                    
                </a></h5>
            <p class="product-item-price product-in-discount">
                <span class="price-before-discount">
					<span><strong class="price">1 199,90 Kč</strong></span>
				</span>
                <strong class="price">899,00 Kč</strong>

            </p>
            <p class="product-item-unit">
                    (<strong class="price">1 284,30 Kč</strong> / l)
            </p>
                        <div class="product-list-rating">
            </div>
<div id="snippet-productWidget-widgetCarousel-1-buy-35976-quantity">        <div class="product-quantity-control">
            <form action="/napoje/lihoviny" method="post" class="ajax" id="frm-productWidget-widgetCarousel-1-buy-35976-quantityForm">
                <input type="text" name="quantity" size="3" id="frm-productWidget-widgetCarousel-1-buy-35976-quantityForm-quantity" data-nette-rules='[{"op":":integer","msg":"Množství musí být číslo."}]' value="1" aria-label="počet k přidání">
                <input type="submit" name="_submit" value="Přidat" class="product-quantity-control-submit plus" aria-label="přidat počet do košíku">
            <input type="hidden" name="do" value="productWidget-widgetCarousel-1-buy-35976-quantityForm-submit"><!--[if IE]><input type=IEbug disabled style="display:none"><![endif]-->
</form>

        </div>
</div>
                <p class="product-incart-info accessible">Produkt nemáte v košíku</p>


        </div>

        
    </div>
    <div id="product-append-36488" class="product-item">
        <div class="product-item-flags">
        </div>
        <div class="product-item-image">
                <a data-href="/napoje/lihoviny?productWidget-widgetCarousel-1-id=36488&amp;do=productWidget-widgetCarousel-1-modal"
                   data-target="productWidget-widgetCarousel-1-productModal"
                   data-product-id="36488"
                   data-product-price="539"
                   data-page-title="Havana Club Aňejo Especial + 2 skleničky 0,7l"
                   data-page-path="/produkt/36488-havana-club-anejo-especial-2-sklenicky-0-7l"
                   data-user-id=""
                   aria-hidden="true"
                   data-kosikmodal-onclose="onProductModalDestroy"
                   onclick="kosikAjax.click(this, initModalCarousel(this))">
                    <img src="https://cdn.kosik.cz/content/product/jpg/list/placeholder.jpg" data-src="https://cdn.kosik.cz/content/product/jpg/list/54071.jpg" alt="Havana Club Aňejo Especial + 2 skleničky 0,7l" class="loading-images loading-image">
                </a>




        </div>
                <div class="product-item-info">
                <h5><a href="javascript:void(0)" aria-label="Havana Club Aňejo Especial + 2 skleničky 0,7l" data-href="/napoje/lihoviny?productWidget-widgetCarousel-1-id=36488&amp;do=productWidget-widgetCarousel-1-modal" class="product-name modal-link"
                   data-target="productWidget-widgetCarousel-1-productModal" onclick="kosikAjax.click(this, initModalCarousel(this))">
                    Havana Club Aňejo Especial + 2 skleničky 0,7l
                    
                </a></h5>
            <p class="product-item-price ">
                <span class="price-before-discount">
				</span>
                <strong class="price">539,00 Kč</strong>

            </p>
            <p class="product-item-unit">
                    (<strong class="price">770,00 Kč</strong> / l)
            </p>
                        <div class="product-list-rating">
            </div>
<div id="snippet-productWidget-widgetCarousel-1-buy-36488-quantity">        <div class="product-quantity-control">
            <form action="/napoje/lihoviny" method="post" class="ajax" id="frm-productWidget-widgetCarousel-1-buy-36488-quantityForm">
                <input type="text" name="quantity" size="3" id="frm-productWidget-widgetCarousel-1-buy-36488-quantityForm-quantity" data-nette-rules='[{"op":":integer","msg":"Množství musí být číslo."}]' value="1" aria-label="počet k přidání">
                <input type="submit" name="_submit" value="Přidat" class="product-quantity-control-submit plus" aria-label="přidat počet do košíku">
            <input type="hidden" name="do" value="productWidget-widgetCarousel-1-buy-36488-quantityForm-submit"><!--[if IE]><input type=IEbug disabled style="display:none"><![endif]-->
</form>

        </div>
</div>
                <p class="product-incart-info accessible">Produkt nemáte v košíku</p>


        </div>

        
    </div>
    <div id="product-append-50425" class="product-item">
        <div class="product-item-flags">
            <div class="flag-sale ">
                <span class="percents">14<small>&#37;</small></span>
            </div>
        </div>
        <div class="product-item-image">
                <a data-href="/napoje/lihoviny?productWidget-widgetCarousel-1-id=50425&amp;do=productWidget-widgetCarousel-1-modal"
                   data-target="productWidget-widgetCarousel-1-productModal"
                   data-product-id="50425"
                   data-product-price="439"
                   data-page-title="Finlandia 40% dárkové balení (+ 2 skleničky) 0,7l"
                   data-page-path="/produkt/50425-finlandia-40-darkove-baleni-2-sklenicky-0-7l"
                   data-user-id=""
                   aria-hidden="true"
                   data-kosikmodal-onclose="onProductModalDestroy"
                   onclick="kosikAjax.click(this, initModalCarousel(this))">
                    <img src="https://cdn.kosik.cz/content/product/jpg/list/placeholder.jpg" data-src="https://cdn.kosik.cz/content/product/jpg/list/67937.jpg" alt="Finlandia 40% dárkové balení (+ 2 skleničky) 0,7l" class="loading-images loading-image">
                </a>




        </div>
                <div class="product-item-info">
                <h5><a href="javascript:void(0)" aria-label="Finlandia 40% dárkové balení (+ 2 skleničky) 0,7l" data-href="/napoje/lihoviny?productWidget-widgetCarousel-1-id=50425&amp;do=productWidget-widgetCarousel-1-modal" class="product-name modal-link"
                   data-target="productWidget-widgetCarousel-1-productModal" onclick="kosikAjax.click(this, initModalCarousel(this))">
                    Finlandia 40% dárkové balení (+ 2 skleničky) 0,7l
                    <br><span class="new-product">Novinka</span>
                </a></h5>
            <p class="product-item-price product-in-discount">
                <span class="price-before-discount">
					<span><strong class="price">439,00 Kč</strong></span>
				</span>
                <strong class="price">379,00 Kč</strong>

            </p>
            <p class="product-item-unit">
                    (<strong class="price">541,40 Kč</strong> / l)
            </p>
                        <div class="product-list-rating">
            </div>
<div id="snippet-productWidget-widgetCarousel-1-buy-50425-quantity">        <div class="product-quantity-control">
            <form action="/napoje/lihoviny" method="post" class="ajax" id="frm-productWidget-widgetCarousel-1-buy-50425-quantityForm">
                <input type="text" name="quantity" size="3" id="frm-productWidget-widgetCarousel-1-buy-50425-quantityForm-quantity" data-nette-rules='[{"op":":integer","msg":"Množství musí být číslo."}]' value="1" aria-label="počet k přidání">
                <input type="submit" name="_submit" value="Přidat" class="product-quantity-control-submit plus" aria-label="přidat počet do košíku">
            <input type="hidden" name="do" value="productWidget-widgetCarousel-1-buy-50425-quantityForm-submit"><!--[if IE]><input type=IEbug disabled style="display:none"><![endif]-->
</form>

        </div>
</div>
                <p class="product-incart-info accessible">Produkt nemáte v košíku</p>


        </div>

        
    </div>
    <div id="product-append-50476" class="product-item">
        <div class="product-item-flags">
            <div class="flag-sale ">
                <span class="percents">16<small>&#37;</small></span>
            </div>
        </div>
        <div class="product-item-image">
                <a data-href="/napoje/lihoviny?productWidget-widgetCarousel-1-id=50476&amp;do=productWidget-widgetCarousel-1-modal"
                   data-target="productWidget-widgetCarousel-1-productModal"
                   data-product-id="50476"
                   data-product-price="439"
                   data-page-title="Finlandia Coconut 37,5% dárkové balení (+ 2 skleničky) 0,7l"
                   data-page-path="/produkt/50476-finlandia-coconut-37-5-darkove-baleni-2-sklenicky-0-7l"
                   data-user-id=""
                   aria-hidden="true"
                   data-kosikmodal-onclose="onProductModalDestroy"
                   onclick="kosikAjax.click(this, initModalCarousel(this))">
                    <img src="https://cdn.kosik.cz/content/product/jpg/list/placeholder.jpg" data-src="https://cdn.kosik.cz/content/product/jpg/list/67988.jpg" alt="Finlandia Coconut 37,5% dárkové balení (+ 2 skleničky) 0,7l" class="loading-images loading-image">
                </a>




        </div>
                <div class="product-item-info">
                <h5><a href="javascript:void(0)" aria-label="Finlandia Coconut 37,5% dárkové balení (+ 2 skleničky) 0,7l" data-href="/napoje/lihoviny?productWidget-widgetCarousel-1-id=50476&amp;do=productWidget-widgetCarousel-1-modal" class="product-name modal-link"
                   data-target="productWidget-widgetCarousel-1-productModal" onclick="kosikAjax.click(this, initModalCarousel(this))">
                    Finlandia Coconut 37,5% dárkové balení (+ 2 skleničky) 0,7l
                    <br><span class="new-product">Novinka</span>
                </a></h5>
            <p class="product-item-price product-in-discount">
                <span class="price-before-discount">
					<span><strong class="price">439,00 Kč</strong></span>
				</span>
                <strong class="price">369,00 Kč</strong>

            </p>
            <p class="product-item-unit">
                    (<strong class="price">527,10 Kč</strong> / l)
            </p>
                        <div class="product-list-rating">
            </div>
<div id="snippet-productWidget-widgetCarousel-1-buy-50476-quantity">        <div class="product-quantity-control">
            <form action="/napoje/lihoviny" method="post" class="ajax" id="frm-productWidget-widgetCarousel-1-buy-50476-quantityForm">
                <input type="text" name="quantity" size="3" id="frm-productWidget-widgetCarousel-1-buy-50476-quantityForm-quantity" data-nette-rules='[{"op":":integer","msg":"Množství musí být číslo."}]' value="1" aria-label="počet k přidání">
                <input type="submit" name="_submit" value="Přidat" class="product-quantity-control-submit plus" aria-label="přidat počet do košíku">
            <input type="hidden" name="do" value="productWidget-widgetCarousel-1-buy-50476-quantityForm-submit"><!--[if IE]><input type=IEbug disabled style="display:none"><![endif]-->
</form>

        </div>
</div>
                <p class="product-incart-info accessible">Produkt nemáte v košíku</p>


        </div>

        
    </div>
    <div id="product-append-3296" class="product-item">
        <div class="product-item-flags">
        </div>
        <div class="product-item-image">
                <a data-href="/napoje/lihoviny?productWidget-widgetCarousel-1-id=3296&amp;do=productWidget-widgetCarousel-1-modal"
                   data-target="productWidget-widgetCarousel-1-productModal"
                   data-product-id="3296"
                   data-product-price="429.9"
                   data-page-title="Ballantine's Finest Skotská whisky + 2x sklenice 0,7l"
                   data-page-path="/produkt/3296-ballantine-s-finest-skotska-whisky-2x-sklenice-0-7l"
                   data-user-id=""
                   aria-hidden="true"
                   data-kosikmodal-onclose="onProductModalDestroy"
                   onclick="kosikAjax.click(this, initModalCarousel(this))">
                    <img src="https://cdn.kosik.cz/content/product/jpg/list/placeholder.jpg" data-src="https://cdn.kosik.cz/content/product/jpg/list/3412.jpg" alt="Ballantine's Finest Skotská whisky + 2x sklenice 0,7l" class="loading-images loading-image">
                </a>




        </div>
                <div class="product-item-info">
                <h5><a href="javascript:void(0)" aria-label="Ballantine's Finest Skotská whisky + 2x sklenice 0,7l" data-href="/napoje/lihoviny?productWidget-widgetCarousel-1-id=3296&amp;do=productWidget-widgetCarousel-1-modal" class="product-name modal-link"
                   data-target="productWidget-widgetCarousel-1-productModal" onclick="kosikAjax.click(this, initModalCarousel(this))">
                    Ballantine's Finest Skotská whisky + 2x sklenice 0,7l
                    
                </a></h5>
            <p class="product-item-price ">
                <span class="price-before-discount">
				</span>
                <strong class="price">429,90 Kč</strong>

            </p>
            <p class="product-item-unit">
                    (<strong class="price">614,10 Kč</strong> / l)
            </p>
                        <div class="product-list-rating">
            </div>
<div id="snippet-productWidget-widgetCarousel-1-buy-3296-quantity">        <div class="product-quantity-control">
            <form action="/napoje/lihoviny" method="post" class="ajax" id="frm-productWidget-widgetCarousel-1-buy-3296-quantityForm">
                <input type="text" name="quantity" size="3" id="frm-productWidget-widgetCarousel-1-buy-3296-quantityForm-quantity" data-nette-rules='[{"op":":integer","msg":"Množství musí být číslo."}]' value="1" aria-label="počet k přidání">
                <input type="submit" name="_submit" value="Přidat" class="product-quantity-control-submit plus" aria-label="přidat počet do košíku">
            <input type="hidden" name="do" value="productWidget-widgetCarousel-1-buy-3296-quantityForm-submit"><!--[if IE]><input type=IEbug disabled style="display:none"><![endif]-->
</form>

        </div>
</div>
                <p class="product-incart-info accessible">Produkt nemáte v košíku</p>


        </div>

        
    </div>
    <div id="product-append-3363" class="product-item">
        <div class="product-item-flags">
        </div>
        <div class="product-item-image">
                <a data-href="/napoje/lihoviny?productWidget-widgetCarousel-1-id=3363&amp;do=productWidget-widgetCarousel-1-modal"
                   data-target="productWidget-widgetCarousel-1-productModal"
                   data-product-id="3363"
                   data-product-price="329.9"
                   data-page-title="Becherovka Bylinný likér v plechovém pouzdře 0,7l"
                   data-page-path="/produkt/3363-becherovka-bylinny-liker-v-plechovem-pouzdre-0-7l"
                   data-user-id=""
                   aria-hidden="true"
                   data-kosikmodal-onclose="onProductModalDestroy"
                   onclick="kosikAjax.click(this, initModalCarousel(this))">
                    <img src="https://cdn.kosik.cz/content/product/jpg/list/placeholder.jpg" data-src="https://cdn.kosik.cz/content/product/jpg/list/3479.jpg" alt="Becherovka Bylinný likér v plechovém pouzdře 0,7l" class="loading-images loading-image">
                </a>




        </div>
                <div class="product-item-info">
                <h5><a href="javascript:void(0)" aria-label="Becherovka Bylinný likér v plechovém pouzdře 0,7l" data-href="/napoje/lihoviny?productWidget-widgetCarousel-1-id=3363&amp;do=productWidget-widgetCarousel-1-modal" class="product-name modal-link"
                   data-target="productWidget-widgetCarousel-1-productModal" onclick="kosikAjax.click(this, initModalCarousel(this))">
                    Becherovka Bylinný likér v plechovém pouzdře 0,7l
                    
                </a></h5>
            <p class="product-item-price ">
                <span class="price-before-discount">
				</span>
                <strong class="price">329,90 Kč</strong>

            </p>
            <p class="product-item-unit">
                    (<strong class="price">471,30 Kč</strong> / l)
            </p>
                        <div class="product-list-rating">
            </div>
<div id="snippet-productWidget-widgetCarousel-1-buy-3363-quantity">        <div class="product-quantity-control">
            <form action="/napoje/lihoviny" method="post" class="ajax" id="frm-productWidget-widgetCarousel-1-buy-3363-quantityForm">
                <input type="text" name="quantity" size="3" id="frm-productWidget-widgetCarousel-1-buy-3363-quantityForm-quantity" data-nette-rules='[{"op":":integer","msg":"Množství musí být číslo."}]' value="1" aria-label="počet k přidání">
                <input type="submit" name="_submit" value="Přidat" class="product-quantity-control-submit plus" aria-label="přidat počet do košíku">
            <input type="hidden" name="do" value="productWidget-widgetCarousel-1-buy-3363-quantityForm-submit"><!--[if IE]><input type=IEbug disabled style="display:none"><![endif]-->
</form>

        </div>
</div>
                <p class="product-incart-info accessible">Produkt nemáte v košíku</p>


        </div>

        
    </div>
    <div id="product-append-3370" class="product-item">
        <div class="product-item-flags">
        </div>
        <div class="product-item-image">
                <a data-href="/napoje/lihoviny?productWidget-widgetCarousel-1-id=3370&amp;do=productWidget-widgetCarousel-1-modal"
                   data-target="productWidget-widgetCarousel-1-productModal"
                   data-product-id="3370"
                   data-product-price="279"
                   data-page-title="Becherovka Original 0,5l dárkové + 2 porcelánové kalíšky"
                   data-page-path="/produkt/3370-becherovka-original-0-5l-darkove-2-porcelanove-kalisky"
                   data-user-id=""
                   aria-hidden="true"
                   data-kosikmodal-onclose="onProductModalDestroy"
                   onclick="kosikAjax.click(this, initModalCarousel(this))">
                    <img src="https://cdn.kosik.cz/content/product/jpg/list/placeholder.jpg" data-src="https://cdn.kosik.cz/content/product/jpg/list/3486.jpg" alt="Becherovka Original 0,5l dárkové + 2 porcelánové kalíšky" class="loading-images loading-image">
                </a>




        </div>
                <div class="product-item-info">
                <h5><a href="javascript:void(0)" aria-label="Becherovka Original 0,5l dárkové + 2 porcelánové kalíšky" data-href="/napoje/lihoviny?productWidget-widgetCarousel-1-id=3370&amp;do=productWidget-widgetCarousel-1-modal" class="product-name modal-link"
                   data-target="productWidget-widgetCarousel-1-productModal" onclick="kosikAjax.click(this, initModalCarousel(this))">
                    Becherovka Original 0,5l dárkové + 2 porcelánové kalíšky
                    
                </a></h5>
            <p class="product-item-price ">
                <span class="price-before-discount">
				</span>
                <strong class="price">279,00 Kč</strong>

            </p>
            <p class="product-item-unit">
                    (<strong class="price">558,00 Kč</strong> / l)
            </p>
                        <div class="product-list-rating">
            </div>
<div id="snippet-productWidget-widgetCarousel-1-buy-3370-quantity">        <div class="product-quantity-control">
            <form action="/napoje/lihoviny" method="post" class="ajax" id="frm-productWidget-widgetCarousel-1-buy-3370-quantityForm">
                <input type="text" name="quantity" size="3" id="frm-productWidget-widgetCarousel-1-buy-3370-quantityForm-quantity" data-nette-rules='[{"op":":integer","msg":"Množství musí být číslo."}]' value="1" aria-label="počet k přidání">
                <input type="submit" name="_submit" value="Přidat" class="product-quantity-control-submit plus" aria-label="přidat počet do košíku">
            <input type="hidden" name="do" value="productWidget-widgetCarousel-1-buy-3370-quantityForm-submit"><!--[if IE]><input type=IEbug disabled style="display:none"><![endif]-->
</form>

        </div>
</div>
                <p class="product-incart-info accessible">Produkt nemáte v košíku</p>


        </div>

        
    </div>
    <div id="product-append-29549" class="product-item">
        <div class="product-item-flags">
            <div class="flag-sale ">
                <span class="percents">32<small>&#37;</small></span>
            </div>
        </div>
        <div class="product-item-image">
                <a data-href="/napoje/lihoviny?productWidget-widgetCarousel-1-id=29549&amp;do=productWidget-widgetCarousel-1-modal"
                   data-target="productWidget-widgetCarousel-1-productModal"
                   data-product-id="29549"
                   data-product-price="319.9"
                   data-page-title="R.Jelínek Dárková kazeta 44,5% 6x0,05l"
                   data-page-path="/produkt/29549-r-jelinek-darkova-kazeta-44-5-6x0-05l"
                   data-user-id=""
                   aria-hidden="true"
                   data-kosikmodal-onclose="onProductModalDestroy"
                   onclick="kosikAjax.click(this, initModalCarousel(this))">
                    <img src="https://cdn.kosik.cz/content/product/jpg/list/placeholder.jpg" data-src="https://cdn.kosik.cz/content/product/jpg/list/46927.jpg" alt="R.Jelínek Dárková kazeta 44,5% 6x0,05l" class="loading-images loading-image">
                </a>




        </div>
                <div class="product-item-info">
                <h5><a href="javascript:void(0)" aria-label="R.Jelínek Dárková kazeta 44,5% 6x0,05l" data-href="/napoje/lihoviny?productWidget-widgetCarousel-1-id=29549&amp;do=productWidget-widgetCarousel-1-modal" class="product-name modal-link"
                   data-target="productWidget-widgetCarousel-1-productModal" onclick="kosikAjax.click(this, initModalCarousel(this))">
                    R.Jelínek Dárková kazeta 44,5% 6x0,05l
                    
                </a></h5>
            <p class="product-item-price product-in-discount">
                <span class="price-before-discount">
					<span><strong class="price">319,90 Kč</strong></span>
				</span>
                <strong class="price">219,00 Kč</strong>

            </p>
            <p class="product-item-unit">
                    (<strong class="price">730,00 Kč</strong> / l)
            </p>
                        <div class="product-list-rating">
            </div>
<div id="snippet-productWidget-widgetCarousel-1-buy-29549-quantity">        <div class="product-quantity-control">
            <form action="/napoje/lihoviny" method="post" class="ajax" id="frm-productWidget-widgetCarousel-1-buy-29549-quantityForm">
                <input type="text" name="quantity" size="3" id="frm-productWidget-widgetCarousel-1-buy-29549-quantityForm-quantity" data-nette-rules='[{"op":":integer","msg":"Množství musí být číslo."}]' value="1" aria-label="počet k přidání">
                <input type="submit" name="_submit" value="Přidat" class="product-quantity-control-submit plus" aria-label="přidat počet do košíku">
            <input type="hidden" name="do" value="productWidget-widgetCarousel-1-buy-29549-quantityForm-submit"><!--[if IE]><input type=IEbug disabled style="display:none"><![endif]-->
</form>

        </div>
</div>
                <p class="product-incart-info accessible">Produkt nemáte v košíku</p>


        </div>

        
    </div>
    <div id="product-append-10086" class="product-item">
        <div class="product-item-flags">
        </div>
        <div class="product-item-image">
                <a data-href="/napoje/lihoviny?productWidget-widgetCarousel-1-id=10086&amp;do=productWidget-widgetCarousel-1-modal"
                   data-target="productWidget-widgetCarousel-1-productModal"
                   data-product-id="10086"
                   data-product-price="469"
                   data-page-title="Aperol Aperitiv 0,7l + Prosecco 0,75l"
                   data-page-path="/produkt/10086-aperol-aperitiv-0-7l-prosecco-0-75l"
                   data-user-id=""
                   aria-hidden="true"
                   data-kosikmodal-onclose="onProductModalDestroy"
                   onclick="kosikAjax.click(this, initModalCarousel(this))">
                    <img src="https://cdn.kosik.cz/content/product/jpg/list/placeholder.jpg" data-src="https://cdn.kosik.cz/content/product/jpg/list/27867.jpg" alt="Aperol Aperitiv 0,7l + Prosecco 0,75l" class="loading-images loading-image">
                </a>




        </div>
                <div class="product-item-info">
                <h5><a href="javascript:void(0)" aria-label="Aperol Aperitiv 0,7l + Prosecco 0,75l" data-href="/napoje/lihoviny?productWidget-widgetCarousel-1-id=10086&amp;do=productWidget-widgetCarousel-1-modal" class="product-name modal-link"
                   data-target="productWidget-widgetCarousel-1-productModal" onclick="kosikAjax.click(this, initModalCarousel(this))">
                    Aperol Aperitiv 0,7l + Prosecco 0,75l
                    
                </a></h5>
            <p class="product-item-price ">
                <span class="price-before-discount">
				</span>
                <strong class="price">469,00 Kč</strong>

            </p>
            <p class="product-item-unit">
                    (<strong class="price">670,00 Kč</strong> / l)
            </p>
                        <div class="product-list-rating">
            </div>
<div id="snippet-productWidget-widgetCarousel-1-buy-10086-quantity">        <div class="product-quantity-control">
            <form action="/napoje/lihoviny" method="post" class="ajax" id="frm-productWidget-widgetCarousel-1-buy-10086-quantityForm">
                <input type="text" name="quantity" size="3" id="frm-productWidget-widgetCarousel-1-buy-10086-quantityForm-quantity" data-nette-rules='[{"op":":integer","msg":"Množství musí být číslo."}]' value="1" aria-label="počet k přidání">
                <input type="submit" name="_submit" value="Přidat" class="product-quantity-control-submit plus" aria-label="přidat počet do košíku">
            <input type="hidden" name="do" value="productWidget-widgetCarousel-1-buy-10086-quantityForm-submit"><!--[if IE]><input type=IEbug disabled style="display:none"><![endif]-->
</form>

        </div>
</div>
                <p class="product-incart-info accessible">Produkt nemáte v košíku</p>


        </div>

        
    </div>
</div>

<div class="kosik-modal-overlay product-modal" id="productWidget-widgetCarousel-1-productModal" role="dialog">
    <div class="kosik-modal-inner large super-scaled" id="snippet-productWidget-widgetCarousel-1-productModalArea">
    </div>
</div>


<div class="kosik-modal-overlay" id="productWidget-widgetCarousel-1-productSetModal" role="dialog">
    <div class="kosik-modal-inner large super-scaled" id="snippet-productWidget-widgetCarousel-1-productSetModalArea">
    </div>
</div>
			</div>
		</div>
		<div class="region region-carousel region-products no-aside product-widget">
			<div class="home-product-widget region-inner region-products-inner slick-carousel" data-open="3" data-close="4">
				<div class="block block-title">
					<h3>Doporučujeme</h3>
				</div>
<script async>

    var onProductModalDestroy = function() {

    	var pageData = window.dataLayer[0];

        pageData["event"] = "ga.pageview";
        pageData["pagePath"] = window.location.pathname;
        pageData["pageTitle"] = window.document.title;

	    dataLayer.push(pageData);
    };
</script>
<div class="block block-product-items product-items" data-ajax-append="product-item" id="snippet-productWidget-widgetCarousel-2-productListArea">
    <div id="product-append-28734" class="product-item">
        <div class="product-item-flags">
            <div class="flag-sale ">
                <span class="percents">34<small>&#37;</small></span>
            </div>
        </div>
        <div class="product-item-image">
                <a data-href="/napoje/lihoviny?productWidget-widgetCarousel-2-id=28734&amp;do=productWidget-widgetCarousel-2-modal"
                   data-target="productWidget-widgetCarousel-2-productModal"
                   data-product-id="28734"
                   data-product-price="119.9"
                   data-page-title="Royal Krásnobřezenský tuzemský 0,5l 37,5%"
                   data-page-path="/produkt/28734-royal-krasnobrezensky-tuzemsky-0-5l-37-5"
                   data-user-id=""
                   aria-hidden="true"
                   data-kosikmodal-onclose="onProductModalDestroy"
                   onclick="kosikAjax.click(this, initModalCarousel(this))">
                    <img src="https://cdn.kosik.cz/content/product/jpg/list/placeholder.jpg" data-src="https://cdn.kosik.cz/content/product/jpg/list/46081.jpg" alt="Royal Krásnobřezenský tuzemský 0,5l 37,5%" class="loading-images loading-image">
                </a>




        </div>
                <div class="product-item-info">
                <h5><a href="javascript:void(0)" aria-label="Royal Krásnobřezenský tuzemský 0,5l 37,5%" data-href="/napoje/lihoviny?productWidget-widgetCarousel-2-id=28734&amp;do=productWidget-widgetCarousel-2-modal" class="product-name modal-link"
                   data-target="productWidget-widgetCarousel-2-productModal" onclick="kosikAjax.click(this, initModalCarousel(this))">
                    Royal Krásnobřezenský tuzemský 0,5l 37,5%
                    
                </a></h5>
            <p class="product-item-price product-in-discount">
                <span class="price-before-discount">
					<span><strong class="price">119,90 Kč</strong></span>
				</span>
                <strong class="price">78,90 Kč</strong>

            </p>
            <p class="product-item-unit">
                    (<strong class="price">157,80 Kč</strong> / l)
            </p>
                        <div class="product-list-rating">
            </div>
<div id="snippet-productWidget-widgetCarousel-2-buy-28734-quantity">        <div class="product-quantity-control">
            <form action="/napoje/lihoviny" method="post" class="ajax" id="frm-productWidget-widgetCarousel-2-buy-28734-quantityForm">
                <input type="text" name="quantity" size="3" id="frm-productWidget-widgetCarousel-2-buy-28734-quantityForm-quantity" data-nette-rules='[{"op":":integer","msg":"Množství musí být číslo."}]' value="1" aria-label="počet k přidání">
                <input type="submit" name="_submit" value="Přidat" class="product-quantity-control-submit plus" aria-label="přidat počet do košíku">
            <input type="hidden" name="do" value="productWidget-widgetCarousel-2-buy-28734-quantityForm-submit"><!--[if IE]><input type=IEbug disabled style="display:none"><![endif]-->
</form>

        </div>
</div>
                <p class="product-incart-info accessible">Produkt nemáte v košíku</p>


        </div>

        
    </div>
    <div id="product-append-46984" class="product-item">
        <div class="product-item-flags">
            <div class="flag-sale ">
                <span class="percents">39<small>&#37;</small></span>
            </div>
        </div>
        <div class="product-item-image">
                <a data-href="/napoje/lihoviny?productWidget-widgetCarousel-2-id=46984&amp;do=productWidget-widgetCarousel-2-modal"
                   data-target="productWidget-widgetCarousel-2-productModal"
                   data-product-id="46984"
                   data-product-price="329.9"
                   data-page-title="Ramazzotti Aperitivo 0.7l"
                   data-page-path="/produkt/46984-ramazzotti-aperitivo-0-7l"
                   data-user-id=""
                   aria-hidden="true"
                   data-kosikmodal-onclose="onProductModalDestroy"
                   onclick="kosikAjax.click(this, initModalCarousel(this))">
                    <img src="https://cdn.kosik.cz/content/product/jpg/list/placeholder.jpg" data-src="https://cdn.kosik.cz/content/product/jpg/list/64504.jpg" alt="Ramazzotti Aperitivo 0.7l" class="loading-images loading-image">
                </a>




        </div>
                <div class="product-item-info">
                <h5><a href="javascript:void(0)" aria-label="Ramazzotti Aperitivo 0.7l" data-href="/napoje/lihoviny?productWidget-widgetCarousel-2-id=46984&amp;do=productWidget-widgetCarousel-2-modal" class="product-name modal-link"
                   data-target="productWidget-widgetCarousel-2-productModal" onclick="kosikAjax.click(this, initModalCarousel(this))">
                    Ramazzotti Aperitivo 0.7l
                    
                </a></h5>
            <p class="product-item-price product-in-discount">
                <span class="price-before-discount">
					<span><strong class="price">329,90 Kč</strong></span>
				</span>
                <strong class="price">199,90 Kč</strong>

            </p>
            <p class="product-item-unit">
                    (<strong class="price">285,60 Kč</strong> / l)
            </p>
                        <div class="product-list-rating">
            </div>
<div id="snippet-productWidget-widgetCarousel-2-buy-46984-quantity">        <div class="product-quantity-control">
            <form action="/napoje/lihoviny" method="post" class="ajax" id="frm-productWidget-widgetCarousel-2-buy-46984-quantityForm">
                <input type="text" name="quantity" size="3" id="frm-productWidget-widgetCarousel-2-buy-46984-quantityForm-quantity" data-nette-rules='[{"op":":integer","msg":"Množství musí být číslo."}]' value="1" aria-label="počet k přidání">
                <input type="submit" name="_submit" value="Přidat" class="product-quantity-control-submit plus" aria-label="přidat počet do košíku">
            <input type="hidden" name="do" value="productWidget-widgetCarousel-2-buy-46984-quantityForm-submit"><!--[if IE]><input type=IEbug disabled style="display:none"><![endif]-->
</form>

        </div>
</div>
                <p class="product-incart-info accessible">Produkt nemáte v košíku</p>


        </div>

        
    </div>
    <div id="product-append-34154" class="product-item">
        <div class="product-item-flags">
            <div class="flag-sale ">
                <span class="percents">38<small>&#37;</small></span>
            </div>
        </div>
        <div class="product-item-image">
                <a data-href="/napoje/lihoviny?productWidget-widgetCarousel-2-id=34154&amp;do=productWidget-widgetCarousel-2-modal"
                   data-target="productWidget-widgetCarousel-2-productModal"
                   data-product-id="34154"
                   data-product-price="529.9"
                   data-page-title="Jim Beam White label 40%, 1l"
                   data-page-path="/produkt/34154-jim-beam-white-label-40-1l"
                   data-user-id=""
                   aria-hidden="true"
                   data-kosikmodal-onclose="onProductModalDestroy"
                   onclick="kosikAjax.click(this, initModalCarousel(this))">
                    <img src="https://cdn.kosik.cz/content/product/jpg/list/placeholder.jpg" data-src="https://cdn.kosik.cz/content/product/jpg/list/51629.jpg" alt="Jim Beam White label 40%, 1l" class="loading-images loading-image">
                </a>




        </div>
                <div class="product-item-info">
                <h5><a href="javascript:void(0)" aria-label="Jim Beam White label 40%, 1l" data-href="/napoje/lihoviny?productWidget-widgetCarousel-2-id=34154&amp;do=productWidget-widgetCarousel-2-modal" class="product-name modal-link"
                   data-target="productWidget-widgetCarousel-2-productModal" onclick="kosikAjax.click(this, initModalCarousel(this))">
                    Jim Beam White label 40%, 1l
                    
                </a></h5>
            <p class="product-item-price product-in-discount">
                <span class="price-before-discount">
					<span><strong class="price">529,90 Kč</strong></span>
				</span>
                <strong class="price">329,00 Kč</strong>

            </p>
            <p class="product-item-unit">
                    (<strong class="price">329,00 Kč</strong> / l)
            </p>
                        <div class="product-list-rating">
            </div>
<div id="snippet-productWidget-widgetCarousel-2-buy-34154-quantity">        <div class="product-quantity-control">
            <form action="/napoje/lihoviny" method="post" class="ajax" id="frm-productWidget-widgetCarousel-2-buy-34154-quantityForm">
                <input type="text" name="quantity" size="3" id="frm-productWidget-widgetCarousel-2-buy-34154-quantityForm-quantity" data-nette-rules='[{"op":":integer","msg":"Množství musí být číslo."}]' value="1" aria-label="počet k přidání">
                <input type="submit" name="_submit" value="Přidat" class="product-quantity-control-submit plus" aria-label="přidat počet do košíku">
            <input type="hidden" name="do" value="productWidget-widgetCarousel-2-buy-34154-quantityForm-submit"><!--[if IE]><input type=IEbug disabled style="display:none"><![endif]-->
</form>

        </div>
</div>
                <p class="product-incart-info accessible">Produkt nemáte v košíku</p>


        </div>

        
    </div>
    <div id="product-append-38758" class="product-item">
        <div class="product-item-flags">
            <div class="flag-sale ">
                <span class="percents">33<small>&#37;</small></span>
            </div>
        </div>
        <div class="product-item-image">
                <a data-href="/napoje/lihoviny?productWidget-widgetCarousel-2-id=38758&amp;do=productWidget-widgetCarousel-2-modal"
                   data-target="productWidget-widgetCarousel-2-productModal"
                   data-product-id="38758"
                   data-product-price="1349"
                   data-page-title="Johnnie Walker Gold Label 0,7l"
                   data-page-path="/produkt/38758-johnnie-walker-gold-label-0-7l"
                   data-user-id=""
                   aria-hidden="true"
                   data-kosikmodal-onclose="onProductModalDestroy"
                   onclick="kosikAjax.click(this, initModalCarousel(this))">
                    <img src="https://cdn.kosik.cz/content/product/jpg/list/placeholder.jpg" data-src="https://cdn.kosik.cz/content/product/jpg/list/56473.jpg" alt="Johnnie Walker Gold Label 0,7l" class="loading-images loading-image">
                </a>




        </div>
                <div class="product-item-info">
                <h5><a href="javascript:void(0)" aria-label="Johnnie Walker Gold Label 0,7l" data-href="/napoje/lihoviny?productWidget-widgetCarousel-2-id=38758&amp;do=productWidget-widgetCarousel-2-modal" class="product-name modal-link"
                   data-target="productWidget-widgetCarousel-2-productModal" onclick="kosikAjax.click(this, initModalCarousel(this))">
                    Johnnie Walker Gold Label 0,7l
                    
                </a></h5>
            <p class="product-item-price product-in-discount">
                <span class="price-before-discount">
					<span><strong class="price">1 349,00 Kč</strong></span>
				</span>
                <strong class="price">899,00 Kč</strong>

            </p>
            <p class="product-item-unit">
                    (<strong class="price">1,30 Kč</strong> / g)
            </p>
                        <div class="product-list-rating">
            </div>
<div id="snippet-productWidget-widgetCarousel-2-buy-38758-quantity">        <div class="product-quantity-control">
            <form action="/napoje/lihoviny" method="post" class="ajax" id="frm-productWidget-widgetCarousel-2-buy-38758-quantityForm">
                <input type="text" name="quantity" size="3" id="frm-productWidget-widgetCarousel-2-buy-38758-quantityForm-quantity" data-nette-rules='[{"op":":integer","msg":"Množství musí být číslo."}]' value="1" aria-label="počet k přidání">
                <input type="submit" name="_submit" value="Přidat" class="product-quantity-control-submit plus" aria-label="přidat počet do košíku">
            <input type="hidden" name="do" value="productWidget-widgetCarousel-2-buy-38758-quantityForm-submit"><!--[if IE]><input type=IEbug disabled style="display:none"><![endif]-->
</form>

        </div>
</div>
                <p class="product-incart-info accessible">Produkt nemáte v košíku</p>


        </div>

        
    </div>
    <div id="product-append-29107" class="product-item">
        <div class="product-item-flags">
            <div class="flag-sale ">
                <span class="percents">30<small>&#37;</small></span>
            </div>
        </div>
        <div class="product-item-image">
                <a data-href="/napoje/lihoviny?productWidget-widgetCarousel-2-id=29107&amp;do=productWidget-widgetCarousel-2-modal"
                   data-target="productWidget-widgetCarousel-2-productModal"
                   data-product-id="29107"
                   data-product-price="169.9"
                   data-page-title="St. Nicolaus Extra Fine Lime Vodka 38% 0,5l"
                   data-page-path="/produkt/29107-st-nicolaus-extra-fine-lime-vodka-38-0-5l"
                   data-user-id=""
                   aria-hidden="true"
                   data-kosikmodal-onclose="onProductModalDestroy"
                   onclick="kosikAjax.click(this, initModalCarousel(this))">
                    <img src="https://cdn.kosik.cz/content/product/jpg/list/placeholder.jpg" data-src="https://cdn.kosik.cz/content/product/jpg/list/46481.jpg" alt="St. Nicolaus Extra Fine Lime Vodka 38% 0,5l" class="loading-images loading-image">
                </a>




        </div>
                <div class="product-item-info">
                <h5><a href="javascript:void(0)" aria-label="St. Nicolaus Extra Fine Lime Vodka 38% 0,5l" data-href="/napoje/lihoviny?productWidget-widgetCarousel-2-id=29107&amp;do=productWidget-widgetCarousel-2-modal" class="product-name modal-link"
                   data-target="productWidget-widgetCarousel-2-productModal" onclick="kosikAjax.click(this, initModalCarousel(this))">
                    St. Nicolaus Extra Fine Lime Vodka 38% 0,5l
                    
                </a></h5>
            <p class="product-item-price product-in-discount">
                <span class="price-before-discount">
					<span><strong class="price">169,90 Kč</strong></span>
				</span>
                <strong class="price">119,00 Kč</strong>

            </p>
            <p class="product-item-unit">
                    (<strong class="price">238,00 Kč</strong> / l)
            </p>
                        <div class="product-list-rating">
            </div>
<div id="snippet-productWidget-widgetCarousel-2-buy-29107-quantity">        <div class="product-quantity-control">
            <form action="/napoje/lihoviny" method="post" class="ajax" id="frm-productWidget-widgetCarousel-2-buy-29107-quantityForm">
                <input type="text" name="quantity" size="3" id="frm-productWidget-widgetCarousel-2-buy-29107-quantityForm-quantity" data-nette-rules='[{"op":":integer","msg":"Množství musí být číslo."}]' value="1" aria-label="počet k přidání">
                <input type="submit" name="_submit" value="Přidat" class="product-quantity-control-submit plus" aria-label="přidat počet do košíku">
            <input type="hidden" name="do" value="productWidget-widgetCarousel-2-buy-29107-quantityForm-submit"><!--[if IE]><input type=IEbug disabled style="display:none"><![endif]-->
</form>

        </div>
</div>
                <p class="product-incart-info accessible">Produkt nemáte v košíku</p>


        </div>

        
    </div>
    <div id="product-append-9378" class="product-item">
        <div class="product-item-flags">
            <div class="flag-sale ">
                <span class="percents">47<small>&#37;</small></span>
            </div>
        </div>
        <div class="product-item-image">
                <a data-href="/napoje/lihoviny?productWidget-widgetCarousel-2-id=9378&amp;do=productWidget-widgetCarousel-2-modal"
                   data-target="productWidget-widgetCarousel-2-productModal"
                   data-product-id="9378"
                   data-product-price="259.9"
                   data-page-title="Puschkin vodka Time Warp 1l 17,7%"
                   data-page-path="/produkt/9378-puschkin-vodka-time-warp-1l-17-7"
                   data-user-id=""
                   aria-hidden="true"
                   data-kosikmodal-onclose="onProductModalDestroy"
                   onclick="kosikAjax.click(this, initModalCarousel(this))">
                    <img src="https://cdn.kosik.cz/content/product/jpg/list/placeholder.jpg" data-src="https://cdn.kosik.cz/content/product/jpg/list/16898.jpg" alt="Puschkin vodka Time Warp 1l 17,7%" class="loading-images loading-image">
                </a>




        </div>
                <div class="product-item-info">
                <h5><a href="javascript:void(0)" aria-label="Puschkin vodka Time Warp 1l 17,7%" data-href="/napoje/lihoviny?productWidget-widgetCarousel-2-id=9378&amp;do=productWidget-widgetCarousel-2-modal" class="product-name modal-link"
                   data-target="productWidget-widgetCarousel-2-productModal" onclick="kosikAjax.click(this, initModalCarousel(this))">
                    Puschkin vodka Time Warp 1l 17,7%
                    
                </a></h5>
            <p class="product-item-price product-in-discount">
                <span class="price-before-discount">
					<span><strong class="price">259,90 Kč</strong></span>
				</span>
                <strong class="price">139,00 Kč</strong>

            </p>
            <p class="product-item-unit">
                    (<strong class="price">139,00 Kč</strong> / l)
            </p>
                        <div class="product-list-rating">
            </div>
<div id="snippet-productWidget-widgetCarousel-2-buy-9378-quantity">        <div class="product-quantity-control">
            <form action="/napoje/lihoviny" method="post" class="ajax" id="frm-productWidget-widgetCarousel-2-buy-9378-quantityForm">
                <input type="text" name="quantity" size="3" id="frm-productWidget-widgetCarousel-2-buy-9378-quantityForm-quantity" data-nette-rules='[{"op":":integer","msg":"Množství musí být číslo."}]' value="1" aria-label="počet k přidání">
                <input type="submit" name="_submit" value="Přidat" class="product-quantity-control-submit plus" aria-label="přidat počet do košíku">
            <input type="hidden" name="do" value="productWidget-widgetCarousel-2-buy-9378-quantityForm-submit"><!--[if IE]><input type=IEbug disabled style="display:none"><![endif]-->
</form>

        </div>
</div>
                <p class="product-incart-info accessible">Produkt nemáte v košíku</p>


        </div>

        
    </div>
    <div id="product-append-8673" class="product-item">
        <div class="product-item-flags">
            <div class="flag-sale ">
                <span class="percents">30<small>&#37;</small></span>
            </div>
        </div>
        <div class="product-item-image">
                <a data-href="/napoje/lihoviny?productWidget-widgetCarousel-2-id=8673&amp;do=productWidget-widgetCarousel-2-modal"
                   data-target="productWidget-widgetCarousel-2-productModal"
                   data-product-id="8673"
                   data-product-price="199.9"
                   data-page-title="Berentzen Wild Kirsch 16% 0.7l"
                   data-page-path="/produkt/8673-berentzen-wild-kirsch-16-0-7l"
                   data-user-id=""
                   aria-hidden="true"
                   data-kosikmodal-onclose="onProductModalDestroy"
                   onclick="kosikAjax.click(this, initModalCarousel(this))">
                    <img src="https://cdn.kosik.cz/content/product/jpg/list/placeholder.jpg" data-src="https://cdn.kosik.cz/content/product/jpg/list/16130.jpg" alt="Berentzen Wild Kirsch 16% 0.7l" class="loading-images loading-image">
                </a>




        </div>
                <div class="product-item-info">
                <h5><a href="javascript:void(0)" aria-label="Berentzen Wild Kirsch 16% 0.7l" data-href="/napoje/lihoviny?productWidget-widgetCarousel-2-id=8673&amp;do=productWidget-widgetCarousel-2-modal" class="product-name modal-link"
                   data-target="productWidget-widgetCarousel-2-productModal" onclick="kosikAjax.click(this, initModalCarousel(this))">
                    Berentzen Wild Kirsch 16% 0.7l
                    
                </a></h5>
            <p class="product-item-price product-in-discount">
                <span class="price-before-discount">
					<span><strong class="price">199,90 Kč</strong></span>
				</span>
                <strong class="price">139,90 Kč</strong>

            </p>
            <p class="product-item-unit">
                    (<strong class="price">199,90 Kč</strong> / l)
            </p>
                        <div class="product-list-rating">
            </div>
<div id="snippet-productWidget-widgetCarousel-2-buy-8673-quantity">        <div class="product-quantity-control">
            <form action="/napoje/lihoviny" method="post" class="ajax" id="frm-productWidget-widgetCarousel-2-buy-8673-quantityForm">
                <input type="text" name="quantity" size="3" id="frm-productWidget-widgetCarousel-2-buy-8673-quantityForm-quantity" data-nette-rules='[{"op":":integer","msg":"Množství musí být číslo."}]' value="1" aria-label="počet k přidání">
                <input type="submit" name="_submit" value="Přidat" class="product-quantity-control-submit plus" aria-label="přidat počet do košíku">
            <input type="hidden" name="do" value="productWidget-widgetCarousel-2-buy-8673-quantityForm-submit"><!--[if IE]><input type=IEbug disabled style="display:none"><![endif]-->
</form>

        </div>
</div>
                <p class="product-incart-info accessible">Produkt nemáte v košíku</p>


        </div>

        
    </div>
    <div id="product-append-4202" class="product-item">
        <div class="product-item-flags">
            <div class="flag-sale ">
                <span class="percents">26<small>&#37;</small></span>
            </div>
        </div>
        <div class="product-item-image">
                <a data-href="/napoje/lihoviny?productWidget-widgetCarousel-2-id=4202&amp;do=productWidget-widgetCarousel-2-modal"
                   data-target="productWidget-widgetCarousel-2-productModal"
                   data-product-id="4202"
                   data-product-price="174.9"
                   data-page-title="Stock Magister Dark 0,5l"
                   data-page-path="/produkt/4202-stock-magister-dark-0-5l"
                   data-user-id=""
                   aria-hidden="true"
                   data-kosikmodal-onclose="onProductModalDestroy"
                   onclick="kosikAjax.click(this, initModalCarousel(this))">
                    <img src="https://cdn.kosik.cz/content/product/jpg/list/placeholder.jpg" data-src="https://cdn.kosik.cz/content/product/jpg/list/4376.jpg" alt="Stock Magister Dark 0,5l" class="loading-images loading-image">
                </a>




        </div>
                <div class="product-item-info">
                <h5><a href="javascript:void(0)" aria-label="Stock Magister Dark 0,5l" data-href="/napoje/lihoviny?productWidget-widgetCarousel-2-id=4202&amp;do=productWidget-widgetCarousel-2-modal" class="product-name modal-link"
                   data-target="productWidget-widgetCarousel-2-productModal" onclick="kosikAjax.click(this, initModalCarousel(this))">
                    Stock Magister Dark 0,5l
                    
                </a></h5>
            <p class="product-item-price product-in-discount">
                <span class="price-before-discount">
					<span><strong class="price">174,90 Kč</strong></span>
				</span>
                <strong class="price">129,90 Kč</strong>

            </p>
            <p class="product-item-unit">
                    (<strong class="price">259,80 Kč</strong> / l)
            </p>
                        <div class="product-list-rating">
            </div>
<div id="snippet-productWidget-widgetCarousel-2-buy-4202-quantity">        <div class="product-quantity-control">
            <form action="/napoje/lihoviny" method="post" class="ajax" id="frm-productWidget-widgetCarousel-2-buy-4202-quantityForm">
                <input type="text" name="quantity" size="3" id="frm-productWidget-widgetCarousel-2-buy-4202-quantityForm-quantity" data-nette-rules='[{"op":":integer","msg":"Množství musí být číslo."}]' value="1" aria-label="počet k přidání">
                <input type="submit" name="_submit" value="Přidat" class="product-quantity-control-submit plus" aria-label="přidat počet do košíku">
            <input type="hidden" name="do" value="productWidget-widgetCarousel-2-buy-4202-quantityForm-submit"><!--[if IE]><input type=IEbug disabled style="display:none"><![endif]-->
</form>

        </div>
</div>
                <p class="product-incart-info accessible">Produkt nemáte v košíku</p>


        </div>

        
    </div>
    <div id="product-append-41349" class="product-item">
        <div class="product-item-flags">
            <div class="flag-sale ">
                <span class="percents">26<small>&#37;</small></span>
            </div>
        </div>
        <div class="product-item-image">
                <a data-href="/napoje/lihoviny?productWidget-widgetCarousel-2-id=41349&amp;do=productWidget-widgetCarousel-2-modal"
                   data-target="productWidget-widgetCarousel-2-productModal"
                   data-product-id="41349"
                   data-product-price="339.9"
                   data-page-title="L'OR Hruškovice 0,5l"
                   data-page-path="/produkt/41349-l-or-hruskovice-0-5l"
                   data-user-id=""
                   aria-hidden="true"
                   data-kosikmodal-onclose="onProductModalDestroy"
                   onclick="kosikAjax.click(this, initModalCarousel(this))">
                    <img src="https://cdn.kosik.cz/content/product/jpg/list/placeholder.jpg" data-src="https://cdn.kosik.cz/content/product/jpg/list/59066.jpg" alt="L'OR Hruškovice 0,5l" class="loading-images loading-image">
                </a>




        </div>
                <div class="product-item-info">
                <h5><a href="javascript:void(0)" aria-label="L'OR Hruškovice 0,5l" data-href="/napoje/lihoviny?productWidget-widgetCarousel-2-id=41349&amp;do=productWidget-widgetCarousel-2-modal" class="product-name modal-link"
                   data-target="productWidget-widgetCarousel-2-productModal" onclick="kosikAjax.click(this, initModalCarousel(this))">
                    L'OR Hruškovice 0,5l
                    
                </a></h5>
            <p class="product-item-price product-in-discount">
                <span class="price-before-discount">
					<span><strong class="price">339,90 Kč</strong></span>
				</span>
                <strong class="price">249,90 Kč</strong>

            </p>
            <p class="product-item-unit">
                    (<strong class="price">0,50 Kč</strong> / g)
            </p>
                        <div class="product-list-rating">
            </div>
<div id="snippet-productWidget-widgetCarousel-2-buy-41349-quantity">        <div class="product-quantity-control">
            <form action="/napoje/lihoviny" method="post" class="ajax" id="frm-productWidget-widgetCarousel-2-buy-41349-quantityForm">
                <input type="text" name="quantity" size="3" id="frm-productWidget-widgetCarousel-2-buy-41349-quantityForm-quantity" data-nette-rules='[{"op":":integer","msg":"Množství musí být číslo."}]' value="1" aria-label="počet k přidání">
                <input type="submit" name="_submit" value="Přidat" class="product-quantity-control-submit plus" aria-label="přidat počet do košíku">
            <input type="hidden" name="do" value="productWidget-widgetCarousel-2-buy-41349-quantityForm-submit"><!--[if IE]><input type=IEbug disabled style="display:none"><![endif]-->
</form>

        </div>
</div>
                <p class="product-incart-info accessible">Produkt nemáte v košíku</p>


        </div>

        
    </div>
    <div id="product-append-34216" class="product-item">
        <div class="product-item-flags">
            <div class="flag-sale ">
                <span class="percents">16<small>&#37;</small></span>
            </div>
        </div>
        <div class="product-item-image">
                <a data-href="/napoje/lihoviny?productWidget-widgetCarousel-2-id=34216&amp;do=productWidget-widgetCarousel-2-modal"
                   data-target="productWidget-widgetCarousel-2-productModal"
                   data-product-id="34216"
                   data-product-price="849"
                   data-page-title="Chivas Regal 12 YO Whisky 0,7l"
                   data-page-path="/produkt/34216-chivas-regal-12-yo-whisky-0-7l"
                   data-user-id=""
                   aria-hidden="true"
                   data-kosikmodal-onclose="onProductModalDestroy"
                   onclick="kosikAjax.click(this, initModalCarousel(this))">
                    <img src="https://cdn.kosik.cz/content/product/jpg/list/placeholder.jpg" data-src="https://cdn.kosik.cz/content/product/jpg/list/51691.jpg" alt="Chivas Regal 12 YO Whisky 0,7l" class="loading-images loading-image">
                </a>




        </div>
                <div class="product-item-info">
                <h5><a href="javascript:void(0)" aria-label="Chivas Regal 12 YO Whisky 0,7l" data-href="/napoje/lihoviny?productWidget-widgetCarousel-2-id=34216&amp;do=productWidget-widgetCarousel-2-modal" class="product-name modal-link"
                   data-target="productWidget-widgetCarousel-2-productModal" onclick="kosikAjax.click(this, initModalCarousel(this))">
                    Chivas Regal 12 YO Whisky 0,7l
                    
                </a></h5>
            <p class="product-item-price product-in-discount">
                <span class="price-before-discount">
					<span><strong class="price">849,00 Kč</strong></span>
				</span>
                <strong class="price">709,00 Kč</strong>

            </p>
            <p class="product-item-unit">
                    (<strong class="price">1 012,90 Kč</strong> / l)
            </p>
                        <div class="product-list-rating">
            </div>
<div id="snippet-productWidget-widgetCarousel-2-buy-34216-quantity">        <div class="product-quantity-control">
            <form action="/napoje/lihoviny" method="post" class="ajax" id="frm-productWidget-widgetCarousel-2-buy-34216-quantityForm">
                <input type="text" name="quantity" size="3" id="frm-productWidget-widgetCarousel-2-buy-34216-quantityForm-quantity" data-nette-rules='[{"op":":integer","msg":"Množství musí být číslo."}]' value="1" aria-label="počet k přidání">
                <input type="submit" name="_submit" value="Přidat" class="product-quantity-control-submit plus" aria-label="přidat počet do košíku">
            <input type="hidden" name="do" value="productWidget-widgetCarousel-2-buy-34216-quantityForm-submit"><!--[if IE]><input type=IEbug disabled style="display:none"><![endif]-->
</form>

        </div>
</div>
                <p class="product-incart-info accessible">Produkt nemáte v košíku</p>


        </div>

        
    </div>
    <div id="product-append-3273" class="product-item">
        <div class="product-item-flags">
            <div class="flag-sale ">
                <span class="percents">28<small>&#37;</small></span>
            </div>
        </div>
        <div class="product-item-image">
                <a data-href="/napoje/lihoviny?productWidget-widgetCarousel-2-id=3273&amp;do=productWidget-widgetCarousel-2-modal"
                   data-target="productWidget-widgetCarousel-2-productModal"
                   data-product-id="3273"
                   data-product-price="429.9"
                   data-page-title="Absolut Vanilia 0,7l"
                   data-page-path="/produkt/3273-absolut-vanilia-0-7l"
                   data-user-id=""
                   aria-hidden="true"
                   data-kosikmodal-onclose="onProductModalDestroy"
                   onclick="kosikAjax.click(this, initModalCarousel(this))">
                    <img src="https://cdn.kosik.cz/content/product/jpg/list/placeholder.jpg" data-src="https://cdn.kosik.cz/content/product/jpg/list/3389.jpg" alt="Absolut Vanilia 0,7l" class="loading-images loading-image">
                </a>




        </div>
                <div class="product-item-info">
                <h5><a href="javascript:void(0)" aria-label="Absolut Vanilia 0,7l" data-href="/napoje/lihoviny?productWidget-widgetCarousel-2-id=3273&amp;do=productWidget-widgetCarousel-2-modal" class="product-name modal-link"
                   data-target="productWidget-widgetCarousel-2-productModal" onclick="kosikAjax.click(this, initModalCarousel(this))">
                    Absolut Vanilia 0,7l
                    
                </a></h5>
            <p class="product-item-price product-in-discount">
                <span class="price-before-discount">
					<span><strong class="price">429,90 Kč</strong></span>
				</span>
                <strong class="price">309,00 Kč</strong>

            </p>
            <p class="product-item-unit">
                    (<strong class="price">441,40 Kč</strong> / l)
            </p>
                        <div class="product-list-rating">
            </div>
<div id="snippet-productWidget-widgetCarousel-2-buy-3273-quantity">        <div class="product-quantity-control">
            <form action="/napoje/lihoviny" method="post" class="ajax" id="frm-productWidget-widgetCarousel-2-buy-3273-quantityForm">
                <input type="text" name="quantity" size="3" id="frm-productWidget-widgetCarousel-2-buy-3273-quantityForm-quantity" data-nette-rules='[{"op":":integer","msg":"Množství musí být číslo."}]' value="1" aria-label="počet k přidání">
                <input type="submit" name="_submit" value="Přidat" class="product-quantity-control-submit plus" aria-label="přidat počet do košíku">
            <input type="hidden" name="do" value="productWidget-widgetCarousel-2-buy-3273-quantityForm-submit"><!--[if IE]><input type=IEbug disabled style="display:none"><![endif]-->
</form>

        </div>
</div>
                <p class="product-incart-info accessible">Produkt nemáte v košíku</p>


        </div>

        
    </div>
    <div id="product-append-36623" class="product-item">
        <div class="product-item-flags">
            <div class="flag-sale ">
                <span class="percents">18<small>&#37;</small></span>
            </div>
        </div>
        <div class="product-item-image">
                <a data-href="/napoje/lihoviny?productWidget-widgetCarousel-2-id=36623&amp;do=productWidget-widgetCarousel-2-modal"
                   data-target="productWidget-widgetCarousel-2-productModal"
                   data-product-id="36623"
                   data-product-price="489"
                   data-page-title="Amaro Montenegro 23% 0,7l"
                   data-page-path="/produkt/36623-amaro-montenegro-23-0-7l"
                   data-user-id=""
                   aria-hidden="true"
                   data-kosikmodal-onclose="onProductModalDestroy"
                   onclick="kosikAjax.click(this, initModalCarousel(this))">
                    <img src="https://cdn.kosik.cz/content/product/jpg/list/placeholder.jpg" data-src="https://cdn.kosik.cz/content/product/jpg/list/54223.jpg" alt="Amaro Montenegro 23% 0,7l" class="loading-images loading-image">
                </a>




        </div>
                <div class="product-item-info">
                <h5><a href="javascript:void(0)" aria-label="Amaro Montenegro 23% 0,7l" data-href="/napoje/lihoviny?productWidget-widgetCarousel-2-id=36623&amp;do=productWidget-widgetCarousel-2-modal" class="product-name modal-link"
                   data-target="productWidget-widgetCarousel-2-productModal" onclick="kosikAjax.click(this, initModalCarousel(this))">
                    Amaro Montenegro 23% 0,7l
                    
                </a></h5>
            <p class="product-item-price product-in-discount">
                <span class="price-before-discount">
					<span><strong class="price">489,00 Kč</strong></span>
				</span>
                <strong class="price">399,00 Kč</strong>

            </p>
            <p class="product-item-unit">
                    (<strong class="price">570,00 Kč</strong> / l)
            </p>
                        <div class="product-list-rating">
            </div>
<div id="snippet-productWidget-widgetCarousel-2-buy-36623-quantity">        <div class="product-quantity-control">
            <form action="/napoje/lihoviny" method="post" class="ajax" id="frm-productWidget-widgetCarousel-2-buy-36623-quantityForm">
                <input type="text" name="quantity" size="3" id="frm-productWidget-widgetCarousel-2-buy-36623-quantityForm-quantity" data-nette-rules='[{"op":":integer","msg":"Množství musí být číslo."}]' value="1" aria-label="počet k přidání">
                <input type="submit" name="_submit" value="Přidat" class="product-quantity-control-submit plus" aria-label="přidat počet do košíku">
            <input type="hidden" name="do" value="productWidget-widgetCarousel-2-buy-36623-quantityForm-submit"><!--[if IE]><input type=IEbug disabled style="display:none"><![endif]-->
</form>

        </div>
</div>
                <p class="product-incart-info accessible">Produkt nemáte v košíku</p>


        </div>

        
    </div>
    <div id="product-append-36444" class="product-item">
        <div class="product-item-flags">
            <div class="flag-sale ">
                <span class="percents">25<small>&#37;</small></span>
            </div>
        </div>
        <div class="product-item-image">
                <a data-href="/napoje/lihoviny?productWidget-widgetCarousel-2-id=36444&amp;do=productWidget-widgetCarousel-2-modal"
                   data-target="productWidget-widgetCarousel-2-productModal"
                   data-product-id="36444"
                   data-product-price="329.9"
                   data-page-title="ArtSpritz 11% 1l"
                   data-page-path="/produkt/36444-artspritz-11-1l"
                   data-user-id=""
                   aria-hidden="true"
                   data-kosikmodal-onclose="onProductModalDestroy"
                   onclick="kosikAjax.click(this, initModalCarousel(this))">
                    <img src="https://cdn.kosik.cz/content/product/jpg/list/placeholder.jpg" data-src="https://cdn.kosik.cz/content/product/jpg/list/54022.jpg" alt="ArtSpritz 11% 1l" class="loading-images loading-image">
                </a>




        </div>
                <div class="product-item-info">
                <h5><a href="javascript:void(0)" aria-label="ArtSpritz 11% 1l" data-href="/napoje/lihoviny?productWidget-widgetCarousel-2-id=36444&amp;do=productWidget-widgetCarousel-2-modal" class="product-name modal-link"
                   data-target="productWidget-widgetCarousel-2-productModal" onclick="kosikAjax.click(this, initModalCarousel(this))">
                    ArtSpritz 11% 1l
                    
                </a></h5>
            <p class="product-item-price product-in-discount">
                <span class="price-before-discount">
					<span><strong class="price">329,90 Kč</strong></span>
				</span>
                <strong class="price">249,00 Kč</strong>

            </p>
            <p class="product-item-unit">
                    (<strong class="price">249,00 Kč</strong> / l)
            </p>
                        <div class="product-list-rating">
            </div>
<div id="snippet-productWidget-widgetCarousel-2-buy-36444-quantity">        <div class="product-quantity-control">
            <form action="/napoje/lihoviny" method="post" class="ajax" id="frm-productWidget-widgetCarousel-2-buy-36444-quantityForm">
                <input type="text" name="quantity" size="3" id="frm-productWidget-widgetCarousel-2-buy-36444-quantityForm-quantity" data-nette-rules='[{"op":":integer","msg":"Množství musí být číslo."}]' value="1" aria-label="počet k přidání">
                <input type="submit" name="_submit" value="Přidat" class="product-quantity-control-submit plus" aria-label="přidat počet do košíku">
            <input type="hidden" name="do" value="productWidget-widgetCarousel-2-buy-36444-quantityForm-submit"><!--[if IE]><input type=IEbug disabled style="display:none"><![endif]-->
</form>

        </div>
</div>
                <p class="product-incart-info accessible">Produkt nemáte v košíku</p>


        </div>

        
    </div>
    <div id="product-append-12650" class="product-item">
        <div class="product-item-flags">
            <div class="flag-sale ">
                <span class="percents">26<small>&#37;</small></span>
            </div>
        </div>
        <div class="product-item-image">
                <a data-href="/napoje/lihoviny?productWidget-widgetCarousel-2-id=12650&amp;do=productWidget-widgetCarousel-2-modal"
                   data-target="productWidget-widgetCarousel-2-productModal"
                   data-product-id="12650"
                   data-product-price="499"
                   data-page-title="Bacardi Carta Blanca 37,5%, 1l"
                   data-page-path="/produkt/12650-bacardi-carta-blanca-37-5-1l"
                   data-user-id=""
                   aria-hidden="true"
                   data-kosikmodal-onclose="onProductModalDestroy"
                   onclick="kosikAjax.click(this, initModalCarousel(this))">
                    <img src="https://cdn.kosik.cz/content/product/jpg/list/placeholder.jpg" data-src="https://cdn.kosik.cz/content/product/jpg/list/29920.jpg" alt="Bacardi Carta Blanca 37,5%, 1l" class="loading-images loading-image">
                </a>




        </div>
                <div class="product-item-info">
                <h5><a href="javascript:void(0)" aria-label="Bacardi Carta Blanca 37,5%, 1l" data-href="/napoje/lihoviny?productWidget-widgetCarousel-2-id=12650&amp;do=productWidget-widgetCarousel-2-modal" class="product-name modal-link"
                   data-target="productWidget-widgetCarousel-2-productModal" onclick="kosikAjax.click(this, initModalCarousel(this))">
                    Bacardi Carta Blanca 37,5%, 1l
                    
                </a></h5>
            <p class="product-item-price product-in-discount">
                <span class="price-before-discount">
					<span><strong class="price">499,00 Kč</strong></span>
				</span>
                <strong class="price">369,00 Kč</strong>

            </p>
            <p class="product-item-unit">
                    (<strong class="price">369,00 Kč</strong> / l)
            </p>
                        <div class="product-list-rating">
            </div>
<div id="snippet-productWidget-widgetCarousel-2-buy-12650-quantity">        <div class="product-quantity-control">
            <form action="/napoje/lihoviny" method="post" class="ajax" id="frm-productWidget-widgetCarousel-2-buy-12650-quantityForm">
                <input type="text" name="quantity" size="3" id="frm-productWidget-widgetCarousel-2-buy-12650-quantityForm-quantity" data-nette-rules='[{"op":":integer","msg":"Množství musí být číslo."}]' value="1" aria-label="počet k přidání">
                <input type="submit" name="_submit" value="Přidat" class="product-quantity-control-submit plus" aria-label="přidat počet do košíku">
            <input type="hidden" name="do" value="productWidget-widgetCarousel-2-buy-12650-quantityForm-submit"><!--[if IE]><input type=IEbug disabled style="display:none"><![endif]-->
</form>

        </div>
</div>
                <p class="product-incart-info accessible">Produkt nemáte v košíku</p>


        </div>

        
    </div>
    <div id="product-append-29574" class="product-item">
        <div class="product-item-flags">
            <div class="flag-sale ">
                <span class="percents">33<small>&#37;</small></span>
            </div>
        </div>
        <div class="product-item-image">
                <a data-href="/napoje/lihoviny?productWidget-widgetCarousel-2-id=29574&amp;do=productWidget-widgetCarousel-2-modal"
                   data-target="productWidget-widgetCarousel-2-productModal"
                   data-product-id="29574"
                   data-product-price="899.9"
                   data-page-title="R.Jelínek Vizovická slivovice PRESENTA 2013 50% 0,7l"
                   data-page-path="/produkt/29574-r-jelinek-vizovicka-slivovice-presenta-2013-50-0-7l"
                   data-user-id=""
                   aria-hidden="true"
                   data-kosikmodal-onclose="onProductModalDestroy"
                   onclick="kosikAjax.click(this, initModalCarousel(this))">
                    <img src="https://cdn.kosik.cz/content/product/jpg/list/placeholder.jpg" data-src="https://cdn.kosik.cz/content/product/jpg/list/46954.jpg" alt="R.Jelínek Vizovická slivovice PRESENTA 2013 50% 0,7l" class="loading-images loading-image">
                </a>




        </div>
                <div class="product-item-info">
                <h5><a href="javascript:void(0)" aria-label="R.Jelínek Vizovická slivovice PRESENTA 2013 50% 0,7l" data-href="/napoje/lihoviny?productWidget-widgetCarousel-2-id=29574&amp;do=productWidget-widgetCarousel-2-modal" class="product-name modal-link"
                   data-target="productWidget-widgetCarousel-2-productModal" onclick="kosikAjax.click(this, initModalCarousel(this))">
                    R.Jelínek Vizovická slivovice PRESENTA 2013 50% 0,7l
                    
                </a></h5>
            <p class="product-item-price product-in-discount">
                <span class="price-before-discount">
					<span><strong class="price">899,90 Kč</strong></span>
				</span>
                <strong class="price">599,00 Kč</strong>

            </p>
            <p class="product-item-unit">
                    (<strong class="price">855,70 Kč</strong> / l)
            </p>
                        <div class="product-list-rating">
            </div>
<div id="snippet-productWidget-widgetCarousel-2-buy-29574-quantity">        <div class="product-quantity-control">
            <form action="/napoje/lihoviny" method="post" class="ajax" id="frm-productWidget-widgetCarousel-2-buy-29574-quantityForm">
                <input type="text" name="quantity" size="3" id="frm-productWidget-widgetCarousel-2-buy-29574-quantityForm-quantity" data-nette-rules='[{"op":":integer","msg":"Množství musí být číslo."}]' value="1" aria-label="počet k přidání">
                <input type="submit" name="_submit" value="Přidat" class="product-quantity-control-submit plus" aria-label="přidat počet do košíku">
            <input type="hidden" name="do" value="productWidget-widgetCarousel-2-buy-29574-quantityForm-submit"><!--[if IE]><input type=IEbug disabled style="display:none"><![endif]-->
</form>

        </div>
</div>
                <p class="product-incart-info accessible">Produkt nemáte v košíku</p>


        </div>

        
    </div>
    <div id="product-append-50255" class="product-item">
        <div class="product-item-flags">
            <div class="flag-sale ">
                <span class="percents">20<small>&#37;</small></span>
            </div>
        </div>
        <div class="product-item-image">
                <a data-href="/napoje/lihoviny?productWidget-widgetCarousel-2-id=50255&amp;do=productWidget-widgetCarousel-2-modal"
                   data-target="productWidget-widgetCarousel-2-productModal"
                   data-product-id="50255"
                   data-product-price="499"
                   data-page-title="Sombrero Negro Gold Tequila 1l"
                   data-page-path="/produkt/50255-sombrero-negro-gold-tequila-1l"
                   data-user-id=""
                   aria-hidden="true"
                   data-kosikmodal-onclose="onProductModalDestroy"
                   onclick="kosikAjax.click(this, initModalCarousel(this))">
                    <img src="https://cdn.kosik.cz/content/product/jpg/list/placeholder.jpg" data-src="https://cdn.kosik.cz/content/product/jpg/list/67851.jpg" alt="Sombrero Negro Gold Tequila 1l" class="loading-images loading-image">
                </a>




        </div>
                <div class="product-item-info">
                <h5><a href="javascript:void(0)" aria-label="Sombrero Negro Gold Tequila 1l" data-href="/napoje/lihoviny?productWidget-widgetCarousel-2-id=50255&amp;do=productWidget-widgetCarousel-2-modal" class="product-name modal-link"
                   data-target="productWidget-widgetCarousel-2-productModal" onclick="kosikAjax.click(this, initModalCarousel(this))">
                    Sombrero Negro Gold Tequila 1l
                    
                </a></h5>
            <p class="product-item-price product-in-discount">
                <span class="price-before-discount">
					<span><strong class="price">499,00 Kč</strong></span>
				</span>
                <strong class="price">399,00 Kč</strong>

            </p>
            <p class="product-item-unit">
                    (<strong class="price">399,00 Kč</strong> / l)
            </p>
                        <div class="product-list-rating">
            </div>
<div id="snippet-productWidget-widgetCarousel-2-buy-50255-quantity">        <div class="product-quantity-control">
            <form action="/napoje/lihoviny" method="post" class="ajax" id="frm-productWidget-widgetCarousel-2-buy-50255-quantityForm">
                <input type="text" name="quantity" size="3" id="frm-productWidget-widgetCarousel-2-buy-50255-quantityForm-quantity" data-nette-rules='[{"op":":integer","msg":"Množství musí být číslo."}]' value="1" aria-label="počet k přidání">
                <input type="submit" name="_submit" value="Přidat" class="product-quantity-control-submit plus" aria-label="přidat počet do košíku">
            <input type="hidden" name="do" value="productWidget-widgetCarousel-2-buy-50255-quantityForm-submit"><!--[if IE]><input type=IEbug disabled style="display:none"><![endif]-->
</form>

        </div>
</div>
                <p class="product-incart-info accessible">Produkt nemáte v košíku</p>


        </div>

        
    </div>
</div>

<div class="kosik-modal-overlay product-modal" id="productWidget-widgetCarousel-2-productModal" role="dialog">
    <div class="kosik-modal-inner large super-scaled" id="snippet-productWidget-widgetCarousel-2-productModalArea">
    </div>
</div>


<div class="kosik-modal-overlay" id="productWidget-widgetCarousel-2-productSetModal" role="dialog">
    <div class="kosik-modal-inner large super-scaled" id="snippet-productWidget-widgetCarousel-2-productSetModalArea">
    </div>
</div>
			</div>
		</div>

			<div class="region region-title-afinity-select no-aside clearfix" role="main">
				<div class="region-inner region-title-afinity-select-inner">
																					<div class="block block-title">
						<h1>Lihoviny</h1>
					</div>
					<div id="snippet--primaryFilterArea">
<form action="/napoje/lihoviny" method="post" class="ajax" id="frm-productPrimaryFilter-constraintForm">
<div class="block block-afinity-groups">
	<div class="afinity-group" tabindex="0">
		<label for="noAleurone">
			<input type="checkbox" id="noAleurone" value="noAleurone" name="noAleurone" onchange='$(this).closest("form").submit();'>
			<div class="group-icon strike-through"><span class="icon-afinity-Wheat"></span></div>
			<span class="group-name">Bez lepku</span>
		</label>
	</div>
	<div class="afinity-group" tabindex="0">
		<label for="noLactose">
			<input type="checkbox" id="noLactose" value="noLactose" name="noLactose" onchange='$(this).closest("form").submit();'>
			<div class="group-icon strike-through"><span class="icon-afinity-Milk"></span></div>
			<span class="group-name">Bez laktózy</span>
		</label>
	</div>
	<div class="afinity-group" tabindex="0">
		<label for="noPalmOil">
			<input type="checkbox" id="noPalmOil" value="noPalmOil" name="noPalmOil" onchange='$(this).closest("form").submit();'>
			<div class="group-icon strike-through"><span class="icon-afinity-Palm-oil"></span></div>
			<span class="group-name">Bez palmového tuku</span>
		</label>
	</div>
	<div class="afinity-group" tabindex="0">
		<label for="vegan">
			<input type="checkbox" id="vegan" value="vegan" name="vegan" onchange='$(this).closest("form").submit();'>
			<div class="group-icon strike-through"><span class="icon-afinity-Egg"></span></div>
			<span class="group-name">Vhodné pro vegany</span>
		</label>
	</div>
	<div class="afinity-group" tabindex="0">
		<label for="vegetarian">
			<input type="checkbox" id="vegetarian" value="vegetarian" name="vegetarian" onchange='$(this).closest("form").submit();'>
			<div class="group-icon strike-through"><span class="icon-afinity-Steak"></span></div>
			<span class="group-name">Vegetariánské</span>
		</label>
	</div>
	<div class="afinity-group" tabindex="0">
		<label for="isKlasa">
			<input type="checkbox" id="isKlasa" value="isKlasa" name="isKlasa" onchange='$(this).closest("form").submit();'>
			<div class="group-icon"><span class="icon-afinity-Klasa"></span></div>
			<span class="group-name">Klasa</span>
		</label>
	</div>
</div>
<input type="hidden" name="do" value="productPrimaryFilter-constraintForm-submit"><!--[if IE]><input type=IEbug disabled style="display:none"><![endif]-->
</form>

					</div>
					<div class="block block-product-list-option">
<ul class="product-list-option element-bordered-select-box">
    <li tabindex="0">
        <span>Oblíbené<span class="accessible"> - vybráno</span></span>
        <div class="positioner">
            <ul>
                <li>
                    <a title="Akční" href="/napoje/lihoviny?productListOptions-preset=orderDiscount">
                        Akční
                    </a>
                </li>
                <li>
                    <a title="Nejlevnější" href="/napoje/lihoviny?productListOptions-preset=orderPriceAscending">
                        Nejlevnější
                    </a>
                </li>
                <li>
                    <a title="Nejdražší" href="/napoje/lihoviny?productListOptions-preset=orderPriceDescending">
                        Nejdražší
                    </a>
                </li>
            </ul>
        </div>
    </li>
</ul>
					</div>
				</div>
			</div>

			<div class="region region-products" data-ajax-append="product-item" id="snippet--productListArea">
				<div class="region-inner region-products-inner">
<script async>
    basic.documentReady(function () {
        $.get("\/napoje\/lihoviny?do=productList-ajaxLoaderSetting").done(function (setting) {
            setting.ShowButton = false;
            ajaxLoader.init(setting);
        });
    });

    var onProductModalDestroy = function() {

    	var pageData = window.dataLayer[0];

        pageData["event"] = "ga.pageview";
        pageData["pagePath"] = window.location.pathname;
        pageData["pageTitle"] = window.document.title;

	    dataLayer.push(pageData);
    };
</script>
<div class="block block-product-items product-items" data-ajax-append="product-item" id="snippet-productList-productListArea">
    <div id="product-append-3257" class="product-item">
        <div class="product-item-flags">
            <div class="flag-sale ">
                <span class="percents">30<small>&#37;</small></span>
            </div>
        </div>
        <div class="product-item-image">
                <a data-href="/napoje/lihoviny?productList-id=3257&amp;do=productList-modal"
                   data-target="productList-productModal"
                   data-product-id="3257"
                   data-product-price="154.9"
                   data-page-title="Božkov Originál 0,5l"
                   data-page-path="/produkt/3257-bozkov-original-0-5l"
                   data-user-id=""
                   aria-hidden="true"
                   data-kosikmodal-onclose="onProductModalDestroy"
                   onclick="kosikAjax.click(this, initModalCarousel(this))">
                    <img src="https://cdn.kosik.cz/content/product/jpg/list/placeholder.jpg" data-src="https://cdn.kosik.cz/content/product/jpg/list/3373.jpg" alt="Božkov Originál 0,5l" class="loading-images loading-image">
                </a>




        </div>
                <div class="product-item-info">
                <h5><a href="javascript:void(0)" aria-label="Božkov Originál 0,5l" data-href="/napoje/lihoviny?productList-id=3257&amp;do=productList-modal" class="product-name modal-link"
                   data-target="productList-productModal" onclick="kosikAjax.click(this, initModalCarousel(this))">
                    Božkov Originál 0,5l
                    
                </a></h5>
            <p class="product-item-price product-in-discount">
                <span class="price-before-discount">
					<span><strong class="price">154,90 Kč</strong></span>
				</span>
                <strong class="price">109,00 Kč</strong>

            </p>
            <p class="product-item-unit">
                    (<strong class="price">218,00 Kč</strong> / l)
            </p>
                        <div class="product-list-rating">
            </div>
<div id="snippet-productList-buy-3257-quantity">        <div class="product-quantity-control">
            <form action="/napoje/lihoviny" method="post" class="ajax" id="frm-productList-buy-3257-quantityForm">
                <input type="text" name="quantity" size="3" id="frm-productList-buy-3257-quantityForm-quantity" data-nette-rules='[{"op":":integer","msg":"Množství musí být číslo."}]' value="1" aria-label="počet k přidání">
                <input type="submit" name="_submit" value="Přidat" class="product-quantity-control-submit plus" aria-label="přidat počet do košíku">
            <input type="hidden" name="do" value="productList-buy-3257-quantityForm-submit"><!--[if IE]><input type=IEbug disabled style="display:none"><![endif]-->
</form>

        </div>
</div>
                <p class="product-incart-info accessible">Produkt nemáte v košíku</p>


        </div>

        
    </div>
    <div id="product-append-3369" class="product-item">
        <div class="product-item-flags">
            <div class="flag-sale ">
                <span class="percents">30<small>&#37;</small></span>
            </div>
        </div>
        <div class="product-item-image">
                <a data-href="/napoje/lihoviny?productList-id=3369&amp;do=productList-modal"
                   data-target="productList-productModal"
                   data-product-id="3369"
                   data-product-price="199.9"
                   data-page-title="Becherovka Original 38% 0,5l"
                   data-page-path="/produkt/3369-becherovka-original-38-0-5l"
                   data-user-id=""
                   aria-hidden="true"
                   data-kosikmodal-onclose="onProductModalDestroy"
                   onclick="kosikAjax.click(this, initModalCarousel(this))">
                    <img src="https://cdn.kosik.cz/content/product/jpg/list/placeholder.jpg" data-src="https://cdn.kosik.cz/content/product/jpg/list/3485.jpg" alt="Becherovka Original 38% 0,5l" class="loading-images loading-image">
                </a>




        </div>
                <div class="product-item-info">
                <h5><a href="javascript:void(0)" aria-label="Becherovka Original 38% 0,5l" data-href="/napoje/lihoviny?productList-id=3369&amp;do=productList-modal" class="product-name modal-link"
                   data-target="productList-productModal" onclick="kosikAjax.click(this, initModalCarousel(this))">
                    Becherovka Original 38% 0,5l
                    
                </a></h5>
            <p class="product-item-price product-in-discount">
                <span class="price-before-discount">
					<span><strong class="price">199,90 Kč</strong></span>
				</span>
                <strong class="price">139,00 Kč</strong>

            </p>
            <p class="product-item-unit">
                    (<strong class="price">278,00 Kč</strong> / l)
            </p>
                        <div class="product-list-rating">
            </div>
<div id="snippet-productList-buy-3369-quantity">        <div class="product-quantity-control">
            <form action="/napoje/lihoviny" method="post" class="ajax" id="frm-productList-buy-3369-quantityForm">
                <input type="text" name="quantity" size="3" id="frm-productList-buy-3369-quantityForm-quantity" data-nette-rules='[{"op":":integer","msg":"Množství musí být číslo."}]' value="1" aria-label="počet k přidání">
                <input type="submit" name="_submit" value="Přidat" class="product-quantity-control-submit plus" aria-label="přidat počet do košíku">
            <input type="hidden" name="do" value="productList-buy-3369-quantityForm-submit"><!--[if IE]><input type=IEbug disabled style="display:none"><![endif]-->
</form>

        </div>
</div>
                <p class="product-incart-info accessible">Produkt nemáte v košíku</p>


        </div>

        
    </div>
    <div id="product-append-28734" class="product-item">
        <div class="product-item-flags">
            <div class="flag-sale ">
                <span class="percents">34<small>&#37;</small></span>
            </div>
        </div>
        <div class="product-item-image">
                <a data-href="/napoje/lihoviny?productList-id=28734&amp;do=productList-modal"
                   data-target="productList-productModal"
                   data-product-id="28734"
                   data-product-price="119.9"
                   data-page-title="Royal Krásnobřezenský tuzemský 0,5l 37,5%"
                   data-page-path="/produkt/28734-royal-krasnobrezensky-tuzemsky-0-5l-37-5"
                   data-user-id=""
                   aria-hidden="true"
                   data-kosikmodal-onclose="onProductModalDestroy"
                   onclick="kosikAjax.click(this, initModalCarousel(this))">
                    <img src="https://cdn.kosik.cz/content/product/jpg/list/placeholder.jpg" data-src="https://cdn.kosik.cz/content/product/jpg/list/46081.jpg" alt="Royal Krásnobřezenský tuzemský 0,5l 37,5%" class="loading-images loading-image">
                </a>




        </div>
                <div class="product-item-info">
                <h5><a href="javascript:void(0)" aria-label="Royal Krásnobřezenský tuzemský 0,5l 37,5%" data-href="/napoje/lihoviny?productList-id=28734&amp;do=productList-modal" class="product-name modal-link"
                   data-target="productList-productModal" onclick="kosikAjax.click(this, initModalCarousel(this))">
                    Royal Krásnobřezenský tuzemský 0,5l 37,5%
                    
                </a></h5>
            <p class="product-item-price product-in-discount">
                <span class="price-before-discount">
					<span><strong class="price">119,90 Kč</strong></span>
				</span>
                <strong class="price">78,90 Kč</strong>

            </p>
            <p class="product-item-unit">
                    (<strong class="price">157,80 Kč</strong> / l)
            </p>
                        <div class="product-list-rating">
            </div>
<div id="snippet-productList-buy-28734-quantity">        <div class="product-quantity-control">
            <form action="/napoje/lihoviny" method="post" class="ajax" id="frm-productList-buy-28734-quantityForm">
                <input type="text" name="quantity" size="3" id="frm-productList-buy-28734-quantityForm-quantity" data-nette-rules='[{"op":":integer","msg":"Množství musí být číslo."}]' value="1" aria-label="počet k přidání">
                <input type="submit" name="_submit" value="Přidat" class="product-quantity-control-submit plus" aria-label="přidat počet do košíku">
            <input type="hidden" name="do" value="productList-buy-28734-quantityForm-submit"><!--[if IE]><input type=IEbug disabled style="display:none"><![endif]-->
</form>

        </div>
</div>
                <p class="product-incart-info accessible">Produkt nemáte v košíku</p>


        </div>

        
    </div>
    <div id="product-append-3397" class="product-item">
        <div class="product-item-flags">
            <div class="flag-sale ">
                <span class="percents">16<small>&#37;</small></span>
            </div>
        </div>
        <div class="product-item-image">
                <a data-href="/napoje/lihoviny?productList-id=3397&amp;do=productList-modal"
                   data-target="productList-productModal"
                   data-product-id="3397"
                   data-product-price="119"
                   data-page-title="Božkov Vaječný likér 0,5l"
                   data-page-path="/produkt/3397-bozkov-vajecny-liker-0-5l"
                   data-user-id=""
                   aria-hidden="true"
                   data-kosikmodal-onclose="onProductModalDestroy"
                   onclick="kosikAjax.click(this, initModalCarousel(this))">
                    <img src="https://cdn.kosik.cz/content/product/jpg/list/placeholder.jpg" data-src="https://cdn.kosik.cz/content/product/jpg/list/3513.jpg" alt="Božkov Vaječný likér 0,5l" class="loading-images loading-image">
                </a>




        </div>
                <div class="product-item-info">
                <h5><a href="javascript:void(0)" aria-label="Božkov Vaječný likér 0,5l" data-href="/napoje/lihoviny?productList-id=3397&amp;do=productList-modal" class="product-name modal-link"
                   data-target="productList-productModal" onclick="kosikAjax.click(this, initModalCarousel(this))">
                    Božkov Vaječný likér 0,5l
                    
                </a></h5>
            <p class="product-item-price product-in-discount">
                <span class="price-before-discount">
					<span><strong class="price">119,00 Kč</strong></span>
				</span>
                <strong class="price">99,90 Kč</strong>

            </p>
            <p class="product-item-unit">
                    (<strong class="price">199,80 Kč</strong> / l)
            </p>
                        <div class="product-list-rating">
            </div>
<div id="snippet-productList-buy-3397-quantity">        <div class="product-quantity-control">
            <form action="/napoje/lihoviny" method="post" class="ajax" id="frm-productList-buy-3397-quantityForm">
                <input type="text" name="quantity" size="3" id="frm-productList-buy-3397-quantityForm-quantity" data-nette-rules='[{"op":":integer","msg":"Množství musí být číslo."}]' value="1" aria-label="počet k přidání">
                <input type="submit" name="_submit" value="Přidat" class="product-quantity-control-submit plus" aria-label="přidat počet do košíku">
            <input type="hidden" name="do" value="productList-buy-3397-quantityForm-submit"><!--[if IE]><input type=IEbug disabled style="display:none"><![endif]-->
</form>

        </div>
</div>
                <p class="product-incart-info accessible">Produkt nemáte v košíku</p>


        </div>

        
    </div>
    <div id="product-append-50764" class="product-item">
        <div class="product-item-flags">
            <div class="flag-sale ">
                <span class="percents">29<small>&#37;</small></span>
            </div>
        </div>
        <div class="product-item-image">
                <a data-href="/napoje/lihoviny?productList-id=50764&amp;do=productList-modal"
                   data-target="productList-productModal"
                   data-product-id="50764"
                   data-product-price="99"
                   data-page-title="Old Distillerie Egg Liqueur Vaječný likér 14% 0,5l"
                   data-page-path="/produkt/50764-old-distillerie-egg-liqueur-vajecny-liker-14-0-5l"
                   data-user-id=""
                   aria-hidden="true"
                   data-kosikmodal-onclose="onProductModalDestroy"
                   onclick="kosikAjax.click(this, initModalCarousel(this))">
                    <img src="https://cdn.kosik.cz/content/product/jpg/list/placeholder.jpg" data-src="https://cdn.kosik.cz/content/product/jpg/list/68290.jpg" alt="Old Distillerie Egg Liqueur Vaječný likér 14% 0,5l" class="loading-images loading-image">
                </a>




        </div>
                <div class="product-item-info">
                <h5><a href="javascript:void(0)" aria-label="Old Distillerie Egg Liqueur Vaječný likér 14% 0,5l" data-href="/napoje/lihoviny?productList-id=50764&amp;do=productList-modal" class="product-name modal-link"
                   data-target="productList-productModal" onclick="kosikAjax.click(this, initModalCarousel(this))">
                    Old Distillerie Egg Liqueur Vaječný likér 14% 0,5l
                    
                </a></h5>
            <p class="product-item-price product-in-discount">
                <span class="price-before-discount">
					<span><strong class="price">99,00 Kč</strong></span>
				</span>
                <strong class="price">69,90 Kč</strong>

            </p>
            <p class="product-item-unit">
                    (<strong class="price">139,80 Kč</strong> / l)
            </p>
                        <div class="product-list-rating">
            </div>
<div id="snippet-productList-buy-50764-quantity">        <div class="product-quantity-control">
            <form action="/napoje/lihoviny" method="post" class="ajax" id="frm-productList-buy-50764-quantityForm">
                <input type="text" name="quantity" size="3" id="frm-productList-buy-50764-quantityForm-quantity" data-nette-rules='[{"op":":integer","msg":"Množství musí být číslo."}]' value="1" aria-label="počet k přidání">
                <input type="submit" name="_submit" value="Přidat" class="product-quantity-control-submit plus" aria-label="přidat počet do košíku">
            <input type="hidden" name="do" value="productList-buy-50764-quantityForm-submit"><!--[if IE]><input type=IEbug disabled style="display:none"><![endif]-->
</form>

        </div>
</div>
                <p class="product-incart-info accessible">Produkt nemáte v košíku</p>


        </div>

        
    </div>
    <div id="product-append-17308" class="product-item">
        <div class="product-item-flags">
            <div class="flag-sale ">
                <span class="percents">25<small>&#37;</small></span>
            </div>
        </div>
        <div class="product-item-image">
                <a data-href="/napoje/lihoviny?productList-id=17308&amp;do=productList-modal"
                   data-target="productList-productModal"
                   data-product-id="17308"
                   data-product-price="19.9"
                   data-page-title="Božkov Originál Mini panák 40ml"
                   data-page-path="/produkt/17308-bozkov-original-mini-panak-40ml"
                   data-user-id=""
                   aria-hidden="true"
                   data-kosikmodal-onclose="onProductModalDestroy"
                   onclick="kosikAjax.click(this, initModalCarousel(this))">
                    <img src="https://cdn.kosik.cz/content/product/jpg/list/placeholder.jpg" data-src="https://cdn.kosik.cz/content/product/jpg/list/34585.jpg" alt="Božkov Originál Mini panák 40ml" class="loading-images loading-image">
                </a>




        </div>
                <div class="product-item-info">
                <h5><a href="javascript:void(0)" aria-label="Božkov Originál Mini panák 40ml" data-href="/napoje/lihoviny?productList-id=17308&amp;do=productList-modal" class="product-name modal-link"
                   data-target="productList-productModal" onclick="kosikAjax.click(this, initModalCarousel(this))">
                    Božkov Originál Mini panák 40ml
                    
                </a></h5>
            <p class="product-item-price product-in-discount">
                <span class="price-before-discount">
					<span><strong class="price">19,90 Kč</strong></span>
				</span>
                <strong class="price">14,90 Kč</strong>

            </p>
            <p class="product-item-unit">
                    (<strong class="price">372,50 Kč</strong> / l)
            </p>
                        <div class="product-list-rating">
            </div>
<div id="snippet-productList-buy-17308-quantity">        <div class="product-quantity-control">
            <form action="/napoje/lihoviny" method="post" class="ajax" id="frm-productList-buy-17308-quantityForm">
                <input type="text" name="quantity" size="3" id="frm-productList-buy-17308-quantityForm-quantity" data-nette-rules='[{"op":":integer","msg":"Množství musí být číslo."}]' value="1" aria-label="počet k přidání">
                <input type="submit" name="_submit" value="Přidat" class="product-quantity-control-submit plus" aria-label="přidat počet do košíku">
            <input type="hidden" name="do" value="productList-buy-17308-quantityForm-submit"><!--[if IE]><input type=IEbug disabled style="display:none"><![endif]-->
</form>

        </div>
</div>
                <p class="product-incart-info accessible">Produkt nemáte v košíku</p>


        </div>

        
    </div>
    <div id="product-append-28891" class="product-item">
        <div class="product-item-flags">
        </div>
        <div class="product-item-image">
                <a data-href="/napoje/lihoviny?productList-id=28891&amp;do=productList-modal"
                   data-target="productList-productModal"
                   data-product-id="28891"
                   data-product-price="139.9"
                   data-page-title="Tuzemák jindřichohradecký 0,5L 40%"
                   data-page-path="/produkt/28891-tuzemak-jindrichohradecky-0-5l-40"
                   data-user-id=""
                   aria-hidden="true"
                   data-kosikmodal-onclose="onProductModalDestroy"
                   onclick="kosikAjax.click(this, initModalCarousel(this))">
                    <img src="https://cdn.kosik.cz/content/product/jpg/list/placeholder.jpg" data-src="https://cdn.kosik.cz/content/product/jpg/list/46261.jpg" alt="Tuzemák jindřichohradecký 0,5L 40%" class="loading-images loading-image">
                </a>




        </div>
                <div class="product-item-info">
                <h5><a href="javascript:void(0)" aria-label="Tuzemák jindřichohradecký 0,5L 40%" data-href="/napoje/lihoviny?productList-id=28891&amp;do=productList-modal" class="product-name modal-link"
                   data-target="productList-productModal" onclick="kosikAjax.click(this, initModalCarousel(this))">
                    Tuzemák jindřichohradecký 0,5L 40%
                    
                </a></h5>
            <p class="product-item-price ">
                <span class="price-before-discount">
				</span>
                <strong class="price">139,90 Kč</strong>

            </p>
            <p class="product-item-unit">
                    (<strong class="price">279,80 Kč</strong> / l)
            </p>
                        <div class="product-list-rating">
            </div>
<div id="snippet-productList-buy-28891-quantity">        <div class="product-quantity-control">
            <form action="/napoje/lihoviny" method="post" class="ajax" id="frm-productList-buy-28891-quantityForm">
                <input type="text" name="quantity" size="3" id="frm-productList-buy-28891-quantityForm-quantity" data-nette-rules='[{"op":":integer","msg":"Množství musí být číslo."}]' value="1" aria-label="počet k přidání">
                <input type="submit" name="_submit" value="Přidat" class="product-quantity-control-submit plus" aria-label="přidat počet do košíku">
            <input type="hidden" name="do" value="productList-buy-28891-quantityForm-submit"><!--[if IE]><input type=IEbug disabled style="display:none"><![endif]-->
</form>

        </div>
</div>
                <p class="product-incart-info accessible">Produkt nemáte v košíku</p>


        </div>

        
    </div>
    <div id="product-append-29125" class="product-item">
        <div class="product-item-flags">
        </div>
        <div class="product-item-image">
                <a data-href="/napoje/lihoviny?productList-id=29125&amp;do=productList-modal"
                   data-target="productList-productModal"
                   data-product-id="29125"
                   data-product-price="139.9"
                   data-page-title="St. Nicolaus Vodka Klasik jemná 40% 0,5l"
                   data-page-path="/produkt/29125-st-nicolaus-vodka-klasik-jemna-40-0-5l"
                   data-user-id=""
                   aria-hidden="true"
                   data-kosikmodal-onclose="onProductModalDestroy"
                   onclick="kosikAjax.click(this, initModalCarousel(this))">
                    <img src="https://cdn.kosik.cz/content/product/jpg/list/placeholder.jpg" data-src="https://cdn.kosik.cz/content/product/jpg/list/46500.jpg" alt="St. Nicolaus Vodka Klasik jemná 40% 0,5l" class="loading-images loading-image">
                </a>




        </div>
                <div class="product-item-info">
                <h5><a href="javascript:void(0)" aria-label="St. Nicolaus Vodka Klasik jemná 40% 0,5l" data-href="/napoje/lihoviny?productList-id=29125&amp;do=productList-modal" class="product-name modal-link"
                   data-target="productList-productModal" onclick="kosikAjax.click(this, initModalCarousel(this))">
                    St. Nicolaus Vodka Klasik jemná 40% 0,5l
                    
                </a></h5>
            <p class="product-item-price ">
                <span class="price-before-discount">
				</span>
                <strong class="price">139,90 Kč</strong>

            </p>
            <p class="product-item-unit">
                    (<strong class="price">279,80 Kč</strong> / l)
            </p>
                        <div class="product-list-rating">
            </div>
<div id="snippet-productList-buy-29125-quantity">        <div class="product-quantity-control">
            <form action="/napoje/lihoviny" method="post" class="ajax" id="frm-productList-buy-29125-quantityForm">
                <input type="text" name="quantity" size="3" id="frm-productList-buy-29125-quantityForm-quantity" data-nette-rules='[{"op":":integer","msg":"Množství musí být číslo."}]' value="1" aria-label="počet k přidání">
                <input type="submit" name="_submit" value="Přidat" class="product-quantity-control-submit plus" aria-label="přidat počet do košíku">
            <input type="hidden" name="do" value="productList-buy-29125-quantityForm-submit"><!--[if IE]><input type=IEbug disabled style="display:none"><![endif]-->
</form>

        </div>
</div>
                <p class="product-incart-info accessible">Produkt nemáte v košíku</p>


        </div>

        
    </div>
    <div id="product-append-24960" class="product-item">
        <div class="product-item-flags">
            <div class="flag-sale ">
                <span class="percents">20<small>&#37;</small></span>
            </div>
        </div>
        <div class="product-item-image">
                <a data-href="/napoje/lihoviny?productList-id=24960&amp;do=productList-modal"
                   data-target="productList-productModal"
                   data-product-id="24960"
                   data-product-price="119"
                   data-page-title="Amaretto Venice 17% 0,7l"
                   data-page-path="/produkt/24960-amaretto-venice-17-0-7l"
                   data-user-id=""
                   aria-hidden="true"
                   data-kosikmodal-onclose="onProductModalDestroy"
                   onclick="kosikAjax.click(this, initModalCarousel(this))">
                    <img src="https://cdn.kosik.cz/content/product/jpg/list/placeholder.jpg" data-src="https://cdn.kosik.cz/content/product/jpg/list/42233.jpg" alt="Amaretto Venice 17% 0,7l" class="loading-images loading-image">
                </a>




        </div>
                <div class="product-item-info">
                <h5><a href="javascript:void(0)" aria-label="Amaretto Venice 17% 0,7l" data-href="/napoje/lihoviny?productList-id=24960&amp;do=productList-modal" class="product-name modal-link"
                   data-target="productList-productModal" onclick="kosikAjax.click(this, initModalCarousel(this))">
                    Amaretto Venice 17% 0,7l
                    
                </a></h5>
            <p class="product-item-price product-in-discount">
                <span class="price-before-discount">
					<span><strong class="price">119,00 Kč</strong></span>
				</span>
                <strong class="price">94,90 Kč</strong>

            </p>
            <p class="product-item-unit">
                    (<strong class="price">135,60 Kč</strong> / l)
            </p>
                        <div class="product-list-rating">
                <span><ul class="rating"><li class="rating-children rating-1 up" data-rating="1"><i class="fa fa-star"></i></li><li class="rating-children rating-2 down" data-rating="2"><i class="fa fa-star"></i></li><li class="rating-children rating-3 down" data-rating="3"><i class="fa fa-star"></i></li><li class="rating-children rating-4 down" data-rating="4"><i class="fa fa-star"></i></li><li class="rating-children rating-5 down" data-rating="5"><i class="fa fa-star"></i></li></ul></span>
            </div>
<div id="snippet-productList-buy-24960-quantity">        <div class="product-quantity-control">
            <form action="/napoje/lihoviny" method="post" class="ajax" id="frm-productList-buy-24960-quantityForm">
                <input type="text" name="quantity" size="3" id="frm-productList-buy-24960-quantityForm-quantity" data-nette-rules='[{"op":":integer","msg":"Množství musí být číslo."}]' value="1" aria-label="počet k přidání">
                <input type="submit" name="_submit" value="Přidat" class="product-quantity-control-submit plus" aria-label="přidat počet do košíku">
            <input type="hidden" name="do" value="productList-buy-24960-quantityForm-submit"><!--[if IE]><input type=IEbug disabled style="display:none"><![endif]-->
</form>

        </div>
</div>
                <p class="product-incart-info accessible">Produkt nemáte v košíku</p>


        </div>

        
    </div>
    <div id="product-append-9270" class="product-item">
        <div class="product-item-flags">
            <div class="flag-sale ">
                <span class="percents">30<small>&#37;</small></span>
            </div>
        </div>
        <div class="product-item-image">
                <a data-href="/napoje/lihoviny?productList-id=9270&amp;do=productList-modal"
                   data-target="productList-productModal"
                   data-product-id="9270"
                   data-product-price="154.9"
                   data-page-title="Božkov Speciál Mandlový 0,5l"
                   data-page-path="/produkt/9270-bozkov-special-mandlovy-0-5l"
                   data-user-id=""
                   aria-hidden="true"
                   data-kosikmodal-onclose="onProductModalDestroy"
                   onclick="kosikAjax.click(this, initModalCarousel(this))">
                    <img src="https://cdn.kosik.cz/content/product/jpg/list/placeholder.jpg" data-src="https://cdn.kosik.cz/content/product/jpg/list/16784.jpg" alt="Božkov Speciál Mandlový 0,5l" class="loading-images loading-image">
                </a>




        </div>
                <div class="product-item-info">
                <h5><a href="javascript:void(0)" aria-label="Božkov Speciál Mandlový 0,5l" data-href="/napoje/lihoviny?productList-id=9270&amp;do=productList-modal" class="product-name modal-link"
                   data-target="productList-productModal" onclick="kosikAjax.click(this, initModalCarousel(this))">
                    Božkov Speciál Mandlový 0,5l
                    
                </a></h5>
            <p class="product-item-price product-in-discount">
                <span class="price-before-discount">
					<span><strong class="price">154,90 Kč</strong></span>
				</span>
                <strong class="price">109,00 Kč</strong>

            </p>
            <p class="product-item-unit">
                    (<strong class="price">218,00 Kč</strong> / l)
            </p>
                        <div class="product-list-rating">
            </div>
<div id="snippet-productList-buy-9270-quantity">        <div class="product-quantity-control">
            <form action="/napoje/lihoviny" method="post" class="ajax" id="frm-productList-buy-9270-quantityForm">
                <input type="text" name="quantity" size="3" id="frm-productList-buy-9270-quantityForm-quantity" data-nette-rules='[{"op":":integer","msg":"Množství musí být číslo."}]' value="1" aria-label="počet k přidání">
                <input type="submit" name="_submit" value="Přidat" class="product-quantity-control-submit plus" aria-label="přidat počet do košíku">
            <input type="hidden" name="do" value="productList-buy-9270-quantityForm-submit"><!--[if IE]><input type=IEbug disabled style="display:none"><![endif]-->
</form>

        </div>
</div>
                <p class="product-incart-info accessible">Produkt nemáte v košíku</p>


        </div>

        
    </div>
    <div id="product-append-3258" class="product-item">
        <div class="product-item-flags">
        </div>
        <div class="product-item-image">
                <a data-href="/napoje/lihoviny?productList-id=3258&amp;do=productList-modal"
                   data-target="productList-productModal"
                   data-product-id="3258"
                   data-product-price="249.9"
                   data-page-title="Božkov Original tuzemský 37.5% 1l"
                   data-page-path="/produkt/3258-bozkov-original-tuzemsky-37-5-1l"
                   data-user-id=""
                   aria-hidden="true"
                   data-kosikmodal-onclose="onProductModalDestroy"
                   onclick="kosikAjax.click(this, initModalCarousel(this))">
                    <img src="https://cdn.kosik.cz/content/product/jpg/list/placeholder.jpg" data-src="https://cdn.kosik.cz/content/product/jpg/list/3374.jpg" alt="Božkov Original tuzemský 37.5% 1l" class="loading-images loading-image">
                </a>




        </div>
                <div class="product-item-info">
                <h5><a href="javascript:void(0)" aria-label="Božkov Original tuzemský 37.5% 1l" data-href="/napoje/lihoviny?productList-id=3258&amp;do=productList-modal" class="product-name modal-link"
                   data-target="productList-productModal" onclick="kosikAjax.click(this, initModalCarousel(this))">
                    Božkov Original tuzemský 37.5% 1l
                    
                </a></h5>
            <p class="product-item-price ">
                <span class="price-before-discount">
				</span>
                <strong class="price">249,90 Kč</strong>

            </p>
            <p class="product-item-unit">
                    (<strong class="price">249,90 Kč</strong> / l)
            </p>
                        <div class="product-list-rating">
            </div>
<div id="snippet-productList-buy-3258-quantity">        <div class="product-quantity-control">
            <form action="/napoje/lihoviny" method="post" class="ajax" id="frm-productList-buy-3258-quantityForm">
                <input type="text" name="quantity" size="3" id="frm-productList-buy-3258-quantityForm-quantity" data-nette-rules='[{"op":":integer","msg":"Množství musí být číslo."}]' value="1" aria-label="počet k přidání">
                <input type="submit" name="_submit" value="Přidat" class="product-quantity-control-submit plus" aria-label="přidat počet do košíku">
            <input type="hidden" name="do" value="productList-buy-3258-quantityForm-submit"><!--[if IE]><input type=IEbug disabled style="display:none"><![endif]-->
</form>

        </div>
</div>
                <p class="product-incart-info accessible">Produkt nemáte v košíku</p>


        </div>

        
    </div>
    <div id="product-append-29124" class="product-item">
        <div class="product-item-flags">
            <div class="flag-sale ">
                <span class="percents">25<small>&#37;</small></span>
            </div>
        </div>
        <div class="product-item-image">
                <a data-href="/napoje/lihoviny?productList-id=29124&amp;do=productList-modal"
                   data-target="productList-productModal"
                   data-product-id="29124"
                   data-product-price="139.9"
                   data-page-title="St. Nicolaus Klasik Tuzemák 40% 0,5l"
                   data-page-path="/produkt/29124-st-nicolaus-klasik-tuzemak-40-0-5l"
                   data-user-id=""
                   aria-hidden="true"
                   data-kosikmodal-onclose="onProductModalDestroy"
                   onclick="kosikAjax.click(this, initModalCarousel(this))">
                    <img src="https://cdn.kosik.cz/content/product/jpg/list/placeholder.jpg" data-src="https://cdn.kosik.cz/content/product/jpg/list/46499.jpg" alt="St. Nicolaus Klasik Tuzemák 40% 0,5l" class="loading-images loading-image">
                </a>




        </div>
                <div class="product-item-info">
                <h5><a href="javascript:void(0)" aria-label="St. Nicolaus Klasik Tuzemák 40% 0,5l" data-href="/napoje/lihoviny?productList-id=29124&amp;do=productList-modal" class="product-name modal-link"
                   data-target="productList-productModal" onclick="kosikAjax.click(this, initModalCarousel(this))">
                    St. Nicolaus Klasik Tuzemák 40% 0,5l
                    
                </a></h5>
            <p class="product-item-price product-in-discount">
                <span class="price-before-discount">
					<span><strong class="price">139,90 Kč</strong></span>
				</span>
                <strong class="price">104,90 Kč</strong>

            </p>
            <p class="product-item-unit">
                    (<strong class="price">209,80 Kč</strong> / l)
            </p>
                        <div class="product-list-rating">
            </div>
<div id="snippet-productList-buy-29124-quantity">        <div class="product-quantity-control">
            <form action="/napoje/lihoviny" method="post" class="ajax" id="frm-productList-buy-29124-quantityForm">
                <input type="text" name="quantity" size="3" id="frm-productList-buy-29124-quantityForm-quantity" data-nette-rules='[{"op":":integer","msg":"Množství musí být číslo."}]' value="1" aria-label="počet k přidání">
                <input type="submit" name="_submit" value="Přidat" class="product-quantity-control-submit plus" aria-label="přidat počet do košíku">
            <input type="hidden" name="do" value="productList-buy-29124-quantityForm-submit"><!--[if IE]><input type=IEbug disabled style="display:none"><![endif]-->
</form>

        </div>
</div>
                <p class="product-incart-info accessible">Produkt nemáte v košíku</p>


        </div>

        
    </div>
    <div id="product-append-3387" class="product-item">
        <div class="product-item-flags">
            <div class="flag-sale ">
                <span class="percents">19<small>&#37;</small></span>
            </div>
        </div>
        <div class="product-item-image">
                <a data-href="/napoje/lihoviny?productList-id=3387&amp;do=productList-modal"
                   data-target="productList-productModal"
                   data-product-id="3387"
                   data-product-price="159"
                   data-page-title="Fernet Stock 38% 0,5l"
                   data-page-path="/produkt/3387-fernet-stock-38-0-5l"
                   data-user-id=""
                   aria-hidden="true"
                   data-kosikmodal-onclose="onProductModalDestroy"
                   onclick="kosikAjax.click(this, initModalCarousel(this))">
                    <img src="https://cdn.kosik.cz/content/product/jpg/list/placeholder.jpg" data-src="https://cdn.kosik.cz/content/product/jpg/list/3503.jpg" alt="Fernet Stock 38% 0,5l" class="loading-images loading-image">
                </a>




        </div>
                <div class="product-item-info">
                <h5><a href="javascript:void(0)" aria-label="Fernet Stock 38% 0,5l" data-href="/napoje/lihoviny?productList-id=3387&amp;do=productList-modal" class="product-name modal-link"
                   data-target="productList-productModal" onclick="kosikAjax.click(this, initModalCarousel(this))">
                    Fernet Stock 38% 0,5l
                    
                </a></h5>
            <p class="product-item-price product-in-discount">
                <span class="price-before-discount">
					<span><strong class="price">159,00 Kč</strong></span>
				</span>
                <strong class="price">129,00 Kč</strong>

            </p>
            <p class="product-item-unit">
                    (<strong class="price">258,00 Kč</strong> / l)
            </p>
                        <div class="product-list-rating">
            </div>
<div id="snippet-productList-buy-3387-quantity">        <div class="product-quantity-control">
            <form action="/napoje/lihoviny" method="post" class="ajax" id="frm-productList-buy-3387-quantityForm">
                <input type="text" name="quantity" size="3" id="frm-productList-buy-3387-quantityForm-quantity" data-nette-rules='[{"op":":integer","msg":"Množství musí být číslo."}]' value="1" aria-label="počet k přidání">
                <input type="submit" name="_submit" value="Přidat" class="product-quantity-control-submit plus" aria-label="přidat počet do košíku">
            <input type="hidden" name="do" value="productList-buy-3387-quantityForm-submit"><!--[if IE]><input type=IEbug disabled style="display:none"><![endif]-->
</form>

        </div>
</div>
                <p class="product-incart-info accessible">Produkt nemáte v košíku</p>


        </div>

        
    </div>
    <div id="product-append-28892" class="product-item">
        <div class="product-item-flags">
        </div>
        <div class="product-item-image">
                <a data-href="/napoje/lihoviny?productList-id=28892&amp;do=productList-modal"
                   data-target="productList-productModal"
                   data-product-id="28892"
                   data-product-price="244.9"
                   data-page-title="Tuzemák jindřichohradecký 1L 40%"
                   data-page-path="/produkt/28892-tuzemak-jindrichohradecky-1l-40"
                   data-user-id=""
                   aria-hidden="true"
                   data-kosikmodal-onclose="onProductModalDestroy"
                   onclick="kosikAjax.click(this, initModalCarousel(this))">
                    <img src="https://cdn.kosik.cz/content/product/jpg/list/placeholder.jpg" data-src="https://cdn.kosik.cz/content/product/jpg/list/46262.jpg" alt="Tuzemák jindřichohradecký 1L 40%" class="loading-images loading-image">
                </a>




        </div>
                <div class="product-item-info">
                <h5><a href="javascript:void(0)" aria-label="Tuzemák jindřichohradecký 1L 40%" data-href="/napoje/lihoviny?productList-id=28892&amp;do=productList-modal" class="product-name modal-link"
                   data-target="productList-productModal" onclick="kosikAjax.click(this, initModalCarousel(this))">
                    Tuzemák jindřichohradecký 1L 40%
                    
                </a></h5>
            <p class="product-item-price ">
                <span class="price-before-discount">
				</span>
                <strong class="price">244,90 Kč</strong>

            </p>
            <p class="product-item-unit">
                    (<strong class="price">244,90 Kč</strong> / l)
            </p>
                        <div class="product-list-rating">
            </div>
<div id="snippet-productList-buy-28892-quantity">        <div class="product-quantity-control">
            <form action="/napoje/lihoviny" method="post" class="ajax" id="frm-productList-buy-28892-quantityForm">
                <input type="text" name="quantity" size="3" id="frm-productList-buy-28892-quantityForm-quantity" data-nette-rules='[{"op":":integer","msg":"Množství musí být číslo."}]' value="1" aria-label="počet k přidání">
                <input type="submit" name="_submit" value="Přidat" class="product-quantity-control-submit plus" aria-label="přidat počet do košíku">
            <input type="hidden" name="do" value="productList-buy-28892-quantityForm-submit"><!--[if IE]><input type=IEbug disabled style="display:none"><![endif]-->
</form>

        </div>
</div>
                <p class="product-incart-info accessible">Produkt nemáte v košíku</p>


        </div>

        
    </div>
    <div id="product-append-50203" class="product-item">
        <div class="product-item-flags">
            <div class="flag-sale ">
                <span class="percents">17<small>&#37;</small></span>
            </div>
        </div>
        <div class="product-item-image">
                <a data-href="/napoje/lihoviny?productList-id=50203&amp;do=productList-modal"
                   data-target="productList-productModal"
                   data-product-id="50203"
                   data-product-price="479"
                   data-page-title="Bailey´s Originál dákové balení (+ 2 skleničky) 0,7l"
                   data-page-path="/produkt/50203-baileys-original-dakove-baleni-2-sklenicky-0-7l"
                   data-user-id=""
                   aria-hidden="true"
                   data-kosikmodal-onclose="onProductModalDestroy"
                   onclick="kosikAjax.click(this, initModalCarousel(this))">
                    <img src="https://cdn.kosik.cz/content/product/jpg/list/placeholder.jpg" data-src="https://cdn.kosik.cz/content/product/jpg/list/67797.jpg" alt="Bailey´s Originál dákové balení (+ 2 skleničky) 0,7l" class="loading-images loading-image">
                </a>




        </div>
                <div class="product-item-info">
                <h5><a href="javascript:void(0)" aria-label="Bailey´s Originál dákové balení (+ 2 skleničky) 0,7l" data-href="/napoje/lihoviny?productList-id=50203&amp;do=productList-modal" class="product-name modal-link"
                   data-target="productList-productModal" onclick="kosikAjax.click(this, initModalCarousel(this))">
                    Bailey´s Originál dákové balení (+ 2 skleničky) 0,7l
                    
                </a></h5>
            <p class="product-item-price product-in-discount">
                <span class="price-before-discount">
					<span><strong class="price">479,00 Kč</strong></span>
				</span>
                <strong class="price">399,00 Kč</strong>

            </p>
            <p class="product-item-unit">
                    (<strong class="price">570,00 Kč</strong> / l)
            </p>
                        <div class="product-list-rating">
            </div>
<div id="snippet-productList-buy-50203-quantity">        <div class="product-quantity-control">
            <form action="/napoje/lihoviny" method="post" class="ajax" id="frm-productList-buy-50203-quantityForm">
                <input type="text" name="quantity" size="3" id="frm-productList-buy-50203-quantityForm-quantity" data-nette-rules='[{"op":":integer","msg":"Množství musí být číslo."}]' value="1" aria-label="počet k přidání">
                <input type="submit" name="_submit" value="Přidat" class="product-quantity-control-submit plus" aria-label="přidat počet do košíku">
            <input type="hidden" name="do" value="productList-buy-50203-quantityForm-submit"><!--[if IE]><input type=IEbug disabled style="display:none"><![endif]-->
</form>

        </div>
</div>
                <p class="product-incart-info accessible">Produkt nemáte v košíku</p>


        </div>

        
    </div>
    <div id="product-append-12653" class="product-item">
        <div class="product-item-flags">
            <div class="flag-sale ">
                <span class="percents">33<small>&#37;</small></span>
            </div>
        </div>
        <div class="product-item-image">
                <a data-href="/napoje/lihoviny?productList-id=12653&amp;do=productList-modal"
                   data-target="productList-productModal"
                   data-product-id="12653"
                   data-product-price="414.9"
                   data-page-title="Captain Morgan Original Spiced Gold 0,7l"
                   data-page-path="/produkt/12653-captain-morgan-original-spiced-gold-0-7l"
                   data-user-id=""
                   aria-hidden="true"
                   data-kosikmodal-onclose="onProductModalDestroy"
                   onclick="kosikAjax.click(this, initModalCarousel(this))">
                    <img src="https://cdn.kosik.cz/content/product/jpg/list/placeholder.jpg" data-src="https://cdn.kosik.cz/content/product/jpg/list/29922.jpg" alt="Captain Morgan Original Spiced Gold 0,7l" class="loading-images loading-image">
                </a>




        </div>
                <div class="product-item-info">
                <h5><a href="javascript:void(0)" aria-label="Captain Morgan Original Spiced Gold 0,7l" data-href="/napoje/lihoviny?productList-id=12653&amp;do=productList-modal" class="product-name modal-link"
                   data-target="productList-productModal" onclick="kosikAjax.click(this, initModalCarousel(this))">
                    Captain Morgan Original Spiced Gold 0,7l
                    
                </a></h5>
            <p class="product-item-price product-in-discount">
                <span class="price-before-discount">
					<span><strong class="price">414,90 Kč</strong></span>
				</span>
                <strong class="price">279,90 Kč</strong>

            </p>
            <p class="product-item-unit">
                    (<strong class="price">399,90 Kč</strong> / l)
            </p>
                        <div class="product-list-rating">
            </div>
<div id="snippet-productList-buy-12653-quantity">        <div class="product-quantity-control">
            <form action="/napoje/lihoviny" method="post" class="ajax" id="frm-productList-buy-12653-quantityForm">
                <input type="text" name="quantity" size="3" id="frm-productList-buy-12653-quantityForm-quantity" data-nette-rules='[{"op":":integer","msg":"Množství musí být číslo."}]' value="1" aria-label="počet k přidání">
                <input type="submit" name="_submit" value="Přidat" class="product-quantity-control-submit plus" aria-label="přidat počet do košíku">
            <input type="hidden" name="do" value="productList-buy-12653-quantityForm-submit"><!--[if IE]><input type=IEbug disabled style="display:none"><![endif]-->
</form>

        </div>
</div>
                <p class="product-incart-info accessible">Produkt nemáte v košíku</p>


        </div>

        
    </div>
    <div id="product-append-3394" class="product-item">
        <div class="product-item-flags">
            <div class="flag-sale ">
                <span class="percents">23<small>&#37;</small></span>
            </div>
        </div>
        <div class="product-item-image">
                <a data-href="/napoje/lihoviny?productList-id=3394&amp;do=productList-modal"
                   data-target="productList-productModal"
                   data-product-id="3394"
                   data-product-price="439"
                   data-page-title="Baileys Original 17% 0,7l"
                   data-page-path="/produkt/3394-baileys-original-17-0-7l"
                   data-user-id=""
                   aria-hidden="true"
                   data-kosikmodal-onclose="onProductModalDestroy"
                   onclick="kosikAjax.click(this, initModalCarousel(this))">
                    <img src="https://cdn.kosik.cz/content/product/jpg/list/placeholder.jpg" data-src="https://cdn.kosik.cz/content/product/jpg/list/3510.jpg" alt="Baileys Original 17% 0,7l" class="loading-images loading-image">
                </a>




        </div>
                <div class="product-item-info">
                <h5><a href="javascript:void(0)" aria-label="Baileys Original 17% 0,7l" data-href="/napoje/lihoviny?productList-id=3394&amp;do=productList-modal" class="product-name modal-link"
                   data-target="productList-productModal" onclick="kosikAjax.click(this, initModalCarousel(this))">
                    Baileys Original 17% 0,7l
                    
                </a></h5>
            <p class="product-item-price product-in-discount">
                <span class="price-before-discount">
					<span><strong class="price">439,00 Kč</strong></span>
				</span>
                <strong class="price">339,00 Kč</strong>

            </p>
            <p class="product-item-unit">
                    (<strong class="price">484,30 Kč</strong> / l)
            </p>
                        <div class="product-list-rating">
            </div>
<div id="snippet-productList-buy-3394-quantity">        <div class="product-quantity-control">
            <form action="/napoje/lihoviny" method="post" class="ajax" id="frm-productList-buy-3394-quantityForm">
                <input type="text" name="quantity" size="3" id="frm-productList-buy-3394-quantityForm-quantity" data-nette-rules='[{"op":":integer","msg":"Množství musí být číslo."}]' value="1" aria-label="počet k přidání">
                <input type="submit" name="_submit" value="Přidat" class="product-quantity-control-submit plus" aria-label="přidat počet do košíku">
            <input type="hidden" name="do" value="productList-buy-3394-quantityForm-submit"><!--[if IE]><input type=IEbug disabled style="display:none"><![endif]-->
</form>

        </div>
</div>
                <p class="product-incart-info accessible">Produkt nemáte v košíku</p>


        </div>

        
    </div>
    <div id="product-append-9267" class="product-item">
        <div class="product-item-flags">
            <div class="flag-sale ">
                <span class="percents">30<small>&#37;</small></span>
            </div>
        </div>
        <div class="product-item-image">
                <a data-href="/napoje/lihoviny?productList-id=9267&amp;do=productList-modal"
                   data-target="productList-productModal"
                   data-product-id="9267"
                   data-product-price="154.9"
                   data-page-title="Božkov Speciál Kávový 0,5l"
                   data-page-path="/produkt/9267-bozkov-special-kavovy-0-5l"
                   data-user-id=""
                   aria-hidden="true"
                   data-kosikmodal-onclose="onProductModalDestroy"
                   onclick="kosikAjax.click(this, initModalCarousel(this))">
                    <img src="https://cdn.kosik.cz/content/product/jpg/list/placeholder.jpg" data-src="https://cdn.kosik.cz/content/product/jpg/list/16781.jpg" alt="Božkov Speciál Kávový 0,5l" class="loading-images loading-image">
                </a>




        </div>
                <div class="product-item-info">
                <h5><a href="javascript:void(0)" aria-label="Božkov Speciál Kávový 0,5l" data-href="/napoje/lihoviny?productList-id=9267&amp;do=productList-modal" class="product-name modal-link"
                   data-target="productList-productModal" onclick="kosikAjax.click(this, initModalCarousel(this))">
                    Božkov Speciál Kávový 0,5l
                    
                </a></h5>
            <p class="product-item-price product-in-discount">
                <span class="price-before-discount">
					<span><strong class="price">154,90 Kč</strong></span>
				</span>
                <strong class="price">109,00 Kč</strong>

            </p>
            <p class="product-item-unit">
                    (<strong class="price">218,00 Kč</strong> / l)
            </p>
                        <div class="product-list-rating">
            </div>
<div id="snippet-productList-buy-9267-quantity">        <div class="product-quantity-control">
            <form action="/napoje/lihoviny" method="post" class="ajax" id="frm-productList-buy-9267-quantityForm">
                <input type="text" name="quantity" size="3" id="frm-productList-buy-9267-quantityForm-quantity" data-nette-rules='[{"op":":integer","msg":"Množství musí být číslo."}]' value="1" aria-label="počet k přidání">
                <input type="submit" name="_submit" value="Přidat" class="product-quantity-control-submit plus" aria-label="přidat počet do košíku">
            <input type="hidden" name="do" value="productList-buy-9267-quantityForm-submit"><!--[if IE]><input type=IEbug disabled style="display:none"><![endif]-->
</form>

        </div>
</div>
                <p class="product-incart-info accessible">Produkt nemáte v košíku</p>


        </div>

        
    </div>
    <div id="product-append-4180" class="product-item">
        <div class="product-item-flags">
            <div class="flag-sale ">
                <span class="percents">12<small>&#37;</small></span>
            </div>
        </div>
        <div class="product-item-image">
                <a data-href="/napoje/lihoviny?productList-id=4180&amp;do=productList-modal"
                   data-target="productList-productModal"
                   data-product-id="4180"
                   data-product-price="114"
                   data-page-title="Božkov Griotte 18% 0,5l"
                   data-page-path="/produkt/4180-bozkov-griotte-18-0-5l"
                   data-user-id=""
                   aria-hidden="true"
                   data-kosikmodal-onclose="onProductModalDestroy"
                   onclick="kosikAjax.click(this, initModalCarousel(this))">
                    <img src="https://cdn.kosik.cz/content/product/jpg/list/placeholder.jpg" data-src="https://cdn.kosik.cz/content/product/jpg/list/4354.jpg" alt="Božkov Griotte 18% 0,5l" class="loading-images loading-image">
                </a>




        </div>
                <div class="product-item-info">
                <h5><a href="javascript:void(0)" aria-label="Božkov Griotte 18% 0,5l" data-href="/napoje/lihoviny?productList-id=4180&amp;do=productList-modal" class="product-name modal-link"
                   data-target="productList-productModal" onclick="kosikAjax.click(this, initModalCarousel(this))">
                    Božkov Griotte 18% 0,5l
                    
                </a></h5>
            <p class="product-item-price product-in-discount">
                <span class="price-before-discount">
					<span><strong class="price">114,00 Kč</strong></span>
				</span>
                <strong class="price">99,90 Kč</strong>

            </p>
            <p class="product-item-unit">
                    (<strong class="price">199,80 Kč</strong> / l)
            </p>
                        <div class="product-list-rating">
            </div>
<div id="snippet-productList-buy-4180-quantity">        <div class="product-quantity-control">
            <form action="/napoje/lihoviny" method="post" class="ajax" id="frm-productList-buy-4180-quantityForm">
                <input type="text" name="quantity" size="3" id="frm-productList-buy-4180-quantityForm-quantity" data-nette-rules='[{"op":":integer","msg":"Množství musí být číslo."}]' value="1" aria-label="počet k přidání">
                <input type="submit" name="_submit" value="Přidat" class="product-quantity-control-submit plus" aria-label="přidat počet do košíku">
            <input type="hidden" name="do" value="productList-buy-4180-quantityForm-submit"><!--[if IE]><input type=IEbug disabled style="display:none"><![endif]-->
</form>

        </div>
</div>
                <p class="product-incart-info accessible">Produkt nemáte v košíku</p>


        </div>

        
    </div>
    <div id="product-append-9394" class="product-item">
        <div class="product-item-flags">
            <div class="flag-sale ">
                <span class="percents">24<small>&#37;</small></span>
            </div>
        </div>
        <div class="product-item-image">
                <a data-href="/napoje/lihoviny?productList-id=9394&amp;do=productList-modal"
                   data-target="productList-productModal"
                   data-product-id="9394"
                   data-product-price="289.9"
                   data-page-title="Boris Jelzin vodka 1l"
                   data-page-path="/produkt/9394-boris-jelzin-vodka-1l"
                   data-user-id=""
                   aria-hidden="true"
                   data-kosikmodal-onclose="onProductModalDestroy"
                   onclick="kosikAjax.click(this, initModalCarousel(this))">
                    <img src="https://cdn.kosik.cz/content/product/jpg/list/placeholder.jpg" data-src="https://cdn.kosik.cz/content/product/jpg/list/16914.jpg" alt="Boris Jelzin vodka 1l" class="loading-images loading-image">
                </a>




        </div>
                <div class="product-item-info">
                <h5><a href="javascript:void(0)" aria-label="Boris Jelzin vodka 1l" data-href="/napoje/lihoviny?productList-id=9394&amp;do=productList-modal" class="product-name modal-link"
                   data-target="productList-productModal" onclick="kosikAjax.click(this, initModalCarousel(this))">
                    Boris Jelzin vodka 1l
                    
                </a></h5>
            <p class="product-item-price product-in-discount">
                <span class="price-before-discount">
					<span><strong class="price">289,90 Kč</strong></span>
				</span>
                <strong class="price">219,90 Kč</strong>

            </p>
            <p class="product-item-unit">
                    (<strong class="price">219,90 Kč</strong> / l)
            </p>
                        <div class="product-list-rating">
            </div>
<div id="snippet-productList-buy-9394-quantity">        <div class="product-quantity-control">
            <form action="/napoje/lihoviny" method="post" class="ajax" id="frm-productList-buy-9394-quantityForm">
                <input type="text" name="quantity" size="3" id="frm-productList-buy-9394-quantityForm-quantity" data-nette-rules='[{"op":":integer","msg":"Množství musí být číslo."}]' value="1" aria-label="počet k přidání">
                <input type="submit" name="_submit" value="Přidat" class="product-quantity-control-submit plus" aria-label="přidat počet do košíku">
            <input type="hidden" name="do" value="productList-buy-9394-quantityForm-submit"><!--[if IE]><input type=IEbug disabled style="display:none"><![endif]-->
</form>

        </div>
</div>
                <p class="product-incart-info accessible">Produkt nemáte v košíku</p>


        </div>

        
    </div>
    <div id="product-append-32237" class="product-item">
        <div class="product-item-flags">
            <div class="flag-sale ">
                <span class="percents">15<small>&#37;</small></span>
            </div>
        </div>
        <div class="product-item-image">
                <a data-href="/napoje/lihoviny?productList-id=32237&amp;do=productList-modal"
                   data-target="productList-productModal"
                   data-product-id="32237"
                   data-product-price="1049"
                   data-page-title="Diplomático Reserva Exclusiva Naked Rum 12yo 40% 0,7l"
                   data-page-path="/produkt/32237-diplomatico-reserva-exclusiva-naked-rum-12yo-40-0-7l"
                   data-user-id=""
                   aria-hidden="true"
                   data-kosikmodal-onclose="onProductModalDestroy"
                   onclick="kosikAjax.click(this, initModalCarousel(this))">
                    <img src="https://cdn.kosik.cz/content/product/jpg/list/placeholder.jpg" data-src="https://cdn.kosik.cz/content/product/jpg/list/49710.jpg" alt="Diplomático Reserva Exclusiva Naked Rum 12yo 40% 0,7l" class="loading-images loading-image">
                </a>




        </div>
                <div class="product-item-info">
                <h5><a href="javascript:void(0)" aria-label="Diplomático Reserva Exclusiva Naked Rum 12yo 40% 0,7l" data-href="/napoje/lihoviny?productList-id=32237&amp;do=productList-modal" class="product-name modal-link"
                   data-target="productList-productModal" onclick="kosikAjax.click(this, initModalCarousel(this))">
                    Diplomático Reserva Exclusiva Naked Rum 12yo 40% 0,7l
                    
                </a></h5>
            <p class="product-item-price product-in-discount">
                <span class="price-before-discount">
					<span><strong class="price">1 049,00 Kč</strong></span>
				</span>
                <strong class="price">889,00 Kč</strong>

            </p>
            <p class="product-item-unit">
                    (<strong class="price">1 270,00 Kč</strong> / l)
            </p>
                        <div class="product-list-rating">
            </div>
<div id="snippet-productList-buy-32237-quantity">        <div class="product-quantity-control">
            <form action="/napoje/lihoviny" method="post" class="ajax" id="frm-productList-buy-32237-quantityForm">
                <input type="text" name="quantity" size="3" id="frm-productList-buy-32237-quantityForm-quantity" data-nette-rules='[{"op":":integer","msg":"Množství musí být číslo."}]' value="1" aria-label="počet k přidání">
                <input type="submit" name="_submit" value="Přidat" class="product-quantity-control-submit plus" aria-label="přidat počet do košíku">
            <input type="hidden" name="do" value="productList-buy-32237-quantityForm-submit"><!--[if IE]><input type=IEbug disabled style="display:none"><![endif]-->
</form>

        </div>
</div>
                <p class="product-incart-info accessible">Produkt nemáte v košíku</p>


        </div>

        
    </div>
    <div id="product-append-17167" class="product-item">
        <div class="product-item-flags">
        </div>
        <div class="product-item-image">
                <a data-href="/napoje/lihoviny?productList-id=17167&amp;do=productList-modal"
                   data-target="productList-productModal"
                   data-product-id="17167"
                   data-product-price="24.9"
                   data-page-title="Crodino Bitter Nealko Aperitiv 100ml"
                   data-page-path="/produkt/17167-crodino-bitter-nealko-aperitiv-100ml"
                   data-user-id=""
                   aria-hidden="true"
                   data-kosikmodal-onclose="onProductModalDestroy"
                   onclick="kosikAjax.click(this, initModalCarousel(this))">
                    <img src="https://cdn.kosik.cz/content/product/jpg/list/placeholder.jpg" data-src="https://cdn.kosik.cz/content/product/jpg/list/34440.jpg" alt="Crodino Bitter Nealko Aperitiv 100ml" class="loading-images loading-image">
                </a>




        </div>
                <div class="product-item-info">
                <h5><a href="javascript:void(0)" aria-label="Crodino Bitter Nealko Aperitiv 100ml" data-href="/napoje/lihoviny?productList-id=17167&amp;do=productList-modal" class="product-name modal-link"
                   data-target="productList-productModal" onclick="kosikAjax.click(this, initModalCarousel(this))">
                    Crodino Bitter Nealko Aperitiv 100ml
                    
                </a></h5>
            <p class="product-item-price ">
                <span class="price-before-discount">
				</span>
                <strong class="price">24,90 Kč</strong>

            </p>
            <p class="product-item-unit">
                    (<strong class="price">249,00 Kč</strong> / l)
            </p>
                        <div class="product-list-rating">
            </div>
<div id="snippet-productList-buy-17167-quantity">        <div class="product-quantity-control">
            <form action="/napoje/lihoviny" method="post" class="ajax" id="frm-productList-buy-17167-quantityForm">
                <input type="text" name="quantity" size="3" id="frm-productList-buy-17167-quantityForm-quantity" data-nette-rules='[{"op":":integer","msg":"Množství musí být číslo."}]' value="1" aria-label="počet k přidání">
                <input type="submit" name="_submit" value="Přidat" class="product-quantity-control-submit plus" aria-label="přidat počet do košíku">
            <input type="hidden" name="do" value="productList-buy-17167-quantityForm-submit"><!--[if IE]><input type=IEbug disabled style="display:none"><![endif]-->
</form>

        </div>
</div>
                <p class="product-incart-info accessible">Produkt nemáte v košíku</p>


        </div>

        
    </div>
    <div id="product-append-3389" class="product-item">
        <div class="product-item-flags">
            <div class="flag-sale ">
                <span class="percents">19<small>&#37;</small></span>
            </div>
        </div>
        <div class="product-item-image">
                <a data-href="/napoje/lihoviny?productList-id=3389&amp;do=productList-modal"
                   data-target="productList-productModal"
                   data-product-id="3389"
                   data-product-price="159"
                   data-page-title="Fernet Stock Citrus 27% 0,5l"
                   data-page-path="/produkt/3389-fernet-stock-citrus-27-0-5l"
                   data-user-id=""
                   aria-hidden="true"
                   data-kosikmodal-onclose="onProductModalDestroy"
                   onclick="kosikAjax.click(this, initModalCarousel(this))">
                    <img src="https://cdn.kosik.cz/content/product/jpg/list/placeholder.jpg" data-src="https://cdn.kosik.cz/content/product/jpg/list/3505.jpg" alt="Fernet Stock Citrus 27% 0,5l" class="loading-images loading-image">
                </a>




        </div>
                <div class="product-item-info">
                <h5><a href="javascript:void(0)" aria-label="Fernet Stock Citrus 27% 0,5l" data-href="/napoje/lihoviny?productList-id=3389&amp;do=productList-modal" class="product-name modal-link"
                   data-target="productList-productModal" onclick="kosikAjax.click(this, initModalCarousel(this))">
                    Fernet Stock Citrus 27% 0,5l
                    
                </a></h5>
            <p class="product-item-price product-in-discount">
                <span class="price-before-discount">
					<span><strong class="price">159,00 Kč</strong></span>
				</span>
                <strong class="price">129,00 Kč</strong>

            </p>
            <p class="product-item-unit">
                    (<strong class="price">258,00 Kč</strong> / l)
            </p>
                        <div class="product-list-rating">
            </div>
<div id="snippet-productList-buy-3389-quantity">        <div class="product-quantity-control">
            <form action="/napoje/lihoviny" method="post" class="ajax" id="frm-productList-buy-3389-quantityForm">
                <input type="text" name="quantity" size="3" id="frm-productList-buy-3389-quantityForm-quantity" data-nette-rules='[{"op":":integer","msg":"Množství musí být číslo."}]' value="1" aria-label="počet k přidání">
                <input type="submit" name="_submit" value="Přidat" class="product-quantity-control-submit plus" aria-label="přidat počet do košíku">
            <input type="hidden" name="do" value="productList-buy-3389-quantityForm-submit"><!--[if IE]><input type=IEbug disabled style="display:none"><![endif]-->
</form>

        </div>
</div>
                <p class="product-incart-info accessible">Produkt nemáte v košíku</p>


        </div>

        
    </div>
    <div id="product-append-41627" class="product-item">
        <div class="product-item-flags">
            <div class="flag-sale ">
                <span class="percents">25<small>&#37;</small></span>
            </div>
        </div>
        <div class="product-item-image">
                <a data-href="/napoje/lihoviny?productList-id=41627&amp;do=productList-modal"
                   data-target="productList-productModal"
                   data-product-id="41627"
                   data-product-price="144.9"
                   data-page-title="Božkov Bílý 0,5l"
                   data-page-path="/produkt/41627-bozkov-bily-0-5l"
                   data-user-id=""
                   aria-hidden="true"
                   data-kosikmodal-onclose="onProductModalDestroy"
                   onclick="kosikAjax.click(this, initModalCarousel(this))">
                    <img src="https://cdn.kosik.cz/content/product/jpg/list/placeholder.jpg" data-src="https://cdn.kosik.cz/content/product/jpg/list/59344.jpg" alt="Božkov Bílý 0,5l" class="loading-images loading-image">
                </a>




        </div>
                <div class="product-item-info">
                <h5><a href="javascript:void(0)" aria-label="Božkov Bílý 0,5l" data-href="/napoje/lihoviny?productList-id=41627&amp;do=productList-modal" class="product-name modal-link"
                   data-target="productList-productModal" onclick="kosikAjax.click(this, initModalCarousel(this))">
                    Božkov Bílý 0,5l
                    
                </a></h5>
            <p class="product-item-price product-in-discount">
                <span class="price-before-discount">
					<span><strong class="price">144,90 Kč</strong></span>
				</span>
                <strong class="price">109,00 Kč</strong>

            </p>
            <p class="product-item-unit">
                    (<strong class="price">218,00 Kč</strong> / l)
            </p>
                        <div class="product-list-rating">
            </div>
<div id="snippet-productList-buy-41627-quantity">        <div class="product-quantity-control">
            <form action="/napoje/lihoviny" method="post" class="ajax" id="frm-productList-buy-41627-quantityForm">
                <input type="text" name="quantity" size="3" id="frm-productList-buy-41627-quantityForm-quantity" data-nette-rules='[{"op":":integer","msg":"Množství musí být číslo."}]' value="1" aria-label="počet k přidání">
                <input type="submit" name="_submit" value="Přidat" class="product-quantity-control-submit plus" aria-label="přidat počet do košíku">
            <input type="hidden" name="do" value="productList-buy-41627-quantityForm-submit"><!--[if IE]><input type=IEbug disabled style="display:none"><![endif]-->
</form>

        </div>
</div>
                <p class="product-incart-info accessible">Produkt nemáte v košíku</p>


        </div>

        
    </div>
</div>

<div class="kosik-modal-overlay product-modal" id="productList-productModal" role="dialog">
    <div class="kosik-modal-inner large super-scaled" id="snippet-productList-productModalArea">
    </div>
</div>


<div class="kosik-modal-overlay" id="productList-productSetModal" role="dialog">
    <div class="kosik-modal-inner large super-scaled" id="snippet-productList-productSetModalArea">
    </div>
</div>
				</div>
			</div>

		</div>

	</div>



		</div>


		<div class="zone-wrapper zone-postscript-wrapper clearfix" id="footer-fixing-element">
			<div class="zone zone-postscript clearfix">
				<h2 class="hp-brand-carousel-title" style="display: none">Oblíbené značky</h2>
				<div class="region region-brands-carousel">
					<div class="region-inner region-brands-carousel-inner">

												<div>
	<div class="company-box" style="filter: grayscale(100%)" onmouseover="this.style.WebkitFilter='grayscale(0%)'" onmouseout="this.style.WebkitFilter='grayscale(100%)'">
		<a href="/birell-botanicals" aria-label="Birell Botanicals">
			<img style="margin-top: 15%" src="/content/microsites/birell/logo.jpg" alt="Birell Botanicals" aria-hidden="true">
			<div class="company-text" aria-hidden="true">Birell Botanicals</div>
		</a>
	</div>
</div>
												<div>
	<div class="company-box" style="filter: grayscale(100%)" onmouseover="this.style.WebkitFilter='grayscale(0%)'" onmouseout="this.style.WebkitFilter='grayscale(100%)'">
		<a href="/brand/penam" aria-label="Penam">
			<img style="margin-top: 15%" src="https://cdn.kosik.cz/content/brand-logo/png/default/86.png" alt="Penam" aria-hidden="true">
			<div class="company-text" aria-hidden="true">Penam</div>
		</a>
	</div>
</div>
<div>
	<div class="company-box" style="filter: grayscale(100%)" onmouseover="this.style.WebkitFilter='grayscale(0%)'" onmouseout="this.style.WebkitFilter='grayscale(100%)'">
		<a href="/brand/madeta" aria-label="Madeta">
			<img style="margin-top: 15%" src="https://cdn.kosik.cz/content/brand-logo/png/default/101.png" alt="Madeta" aria-hidden="true">
			<div class="company-text" aria-hidden="true">Madeta</div>
		</a>
	</div>
</div>
<div>
	<div class="company-box" style="filter: grayscale(100%)" onmouseover="this.style.WebkitFilter='grayscale(0%)'" onmouseout="this.style.WebkitFilter='grayscale(100%)'">
		<a href="/brand/danone" aria-label="Danone">
			<img style="margin-top: 15%" src="https://cdn.kosik.cz/content/brand-logo/png/default/109.png" alt="Danone" aria-hidden="true">
			<div class="company-text" aria-hidden="true">Danone</div>
		</a>
	</div>
</div>
<div>
	<div class="company-box" style="filter: grayscale(100%)" onmouseover="this.style.WebkitFilter='grayscale(0%)'" onmouseout="this.style.WebkitFilter='grayscale(100%)'">
		<a href="/brand/dr-oetker" aria-label="Dr. Oetker">
			<img style="margin-top: 15%" src="https://cdn.kosik.cz/content/brand-logo/png/default/313.png" alt="Dr. Oetker" aria-hidden="true">
			<div class="company-text" aria-hidden="true">Dr. Oetker</div>
		</a>
	</div>
</div>
<div>
	<div class="company-box" style="filter: grayscale(100%)" onmouseover="this.style.WebkitFilter='grayscale(0%)'" onmouseout="this.style.WebkitFilter='grayscale(100%)'">
		<a href="/brand/pickwick" aria-label="Pickwick">
			<img style="margin-top: 15%" src="https://cdn.kosik.cz/content/brand-logo/png/default/357.png" alt="Pickwick" aria-hidden="true">
			<div class="company-text" aria-hidden="true">Pickwick</div>
		</a>
	</div>
</div>
<div>
	<div class="company-box" style="filter: grayscale(100%)" onmouseover="this.style.WebkitFilter='grayscale(0%)'" onmouseout="this.style.WebkitFilter='grayscale(100%)'">
		<a href="/brand/velkopopovicky-kozel" aria-label="Velkopopovický Kozel">
			<img style="margin-top: 15%" src="https://cdn.kosik.cz/content/brand-logo/png/default/448.png" alt="Velkopopovický Kozel" aria-hidden="true">
			<div class="company-text" aria-hidden="true">Velkopopovický Kozel</div>
		</a>
	</div>
</div>
<div>
	<div class="company-box" style="filter: grayscale(100%)" onmouseover="this.style.WebkitFilter='grayscale(0%)'" onmouseout="this.style.WebkitFilter='grayscale(100%)'">
		<a href="/brand/edeka" aria-label="Edeka">
			<img style="margin-top: 15%" src="https://cdn.kosik.cz/content/brand-logo/png/default/678.png" alt="Edeka" aria-hidden="true">
			<div class="company-text" aria-hidden="true">Edeka</div>
		</a>
	</div>
</div>

					</div>
				</div>
				<div class="region region-subscribe-box">
					<div class="region-inner region-subscribe-box-inner">
						<div class="block block-subscribe-box-logo">
							<a aria-hidden="true" href="/">
								<img src="/css/images/logo-white.svg" alt="Košík.cz">
							</a>
						</div>
						<div class="block block-subscribe-box-social">
							<a href="https://twitter.com/kosikcz" class="twitter" title="Twitter" aria-label="Twitter">
								<i class="fa fa-twitter" aria-hidden="true"></i>
							</a>
							<a href="https://www.facebook.com/kosikcz" title="Facebook" class="facebook" aria-label="Facebook">
								<i class="fa fa-facebook" aria-hidden="true"></i>
							</a>
							<a href="https://www.instagram.com/kosik.cz/" title="Instagram" class="instagram" aria-label="Instagram" >
								<i class="fa fa-instagram" aria-hidden="true"></i>
							</a>
						</div>

<div class="block block-subscribe-email" id="snippet-subscribeMailing-subscribeFormArea">
		<p>Novinky a akční nabídky</p>
		<form action="/napoje/lihoviny" method="post" class="ajax" id="frm-subscribeMailing-subscribe">
		<label for="frm-subscribeMailing-subscribe-email">Zadejte svůj e-mail</label>
		<input type="text" name="email" placeholder="Zadejte svůj e-mail" id="frm-subscribeMailing-subscribe-email" required data-nette-rules='[{"op":":filled","msg":"E-mail je povinný"},{"op":":email","msg":"E-mail nemá správný formát"}]'>
		<input type="submit" name="_submit" value="Přihlásit" class="subscribe-button button-simple button-green" aria-label="Přihlásit se k odběru novinek">
		<input type="hidden" name="do" value="subscribeMailing-subscribe-submit"><!--[if IE]><input type=IEbug disabled style="display:none"><![endif]-->
</form>

</div>
					</div>
				</div>

			</div>
		</div>

		<footer class="zone-wrapper zone-footer-wrapper clearfix" role="contentinfo">
			<div class="zone zone-footer clearfix">
				<h2 class="accessible">Patička</h2>
				<div class="region region-footer lighter-gray-bg">
					<div class="region-inner region-footer-inner">
						<div class="block block-footer-left">

	<ul>
		<li>
			<h4 class="footer-title">Nakupování</h4>
			<ul>
				<li>
					<a href="/pripravene-nakupy">Připravené nákupy</a>
				</li>
				<li>
					<a href="/pruvodce-nakupem">Průvodce nákupem</a>
				</li>
				<li>
					<a href="/produkty-v-akci">Produkty v akci</a>
				</li>
				<li>
					<a href="/brands">Značkové obchody</a>
				</li>
				<li>
					<a href="/doporucujeme">Doporučujeme</a>
				</li>
			</ul>
		</li>
	</ul>
	<ul>
		<li>
			<h4 class="footer-title">Společnost</h4>
			<ul>
				<li>
					<a href="/spolecnost/kontakt">Kontakt</a>
				</li>
				<li>
					<a href="/kariera">Kariéra</a>
				</li>
				<li>
					<a href="/spolecnost/obchodni-podminky">Obchodní podmínky</a>
				</li>
				<li>
					<a href="/spolecnost/zrusit-odber">Zrušit odběr akční nabídky</a>
				</li>
			</ul>
		</li>
	</ul>
	<ul>
		<li>
			<h4 class="footer-title">Zajímá vás</h4>
			<ul>
				<li>
					<a href="/zajima-vas/proc-vybrat-kosik">Proč vybrat Košík.cz?</a>
				</li>
				<li>
					<a href="/zajima-vas/caste-dotazy">Časté dotazy</a>
				</li>
				<li>
					<a href="/zajima-vas/spoluprace">Spolupráce</a>
				</li>
				<li>
					<a href="/vitejte">První nákup</a>
				</li>
			</ul>
		</li>
	</ul>
	<ul>
		<li>
			<h4 class="footer-title">Získejte</h4>
			<ul>
				<li>
					<a href="/informace-o-rozvozu-a-cenach">Informace o rozvozu a cenách</a>
				</li>
				<li>
					<a href="/garance-spokojenosti">Garance spokojenosti</a>
				</li>
			</ul>
		</li>
	</ul>
						</div>
						<div class="block block-footer-right">
							<a href="https://www.facebook.com/kosikcz" class="accessible">Facebook Košík.cz</a>
							<div class="fb-page" data-href="https://www.facebook.com/kosikcz" data-width="300"
								 data-height="200"
								 data-small-header="true" data-adapt-container-width="false" data-hide-cover="false"
								 data-show-facepile="true" data-show-posts="false" aria-hidden="true">
								<div class="fb-xfbml-parse-ignore">
									<blockquote cite="https://www.facebook.com/kosikcz"><a
												href="https://www.facebook.com/kosikcz">Facebook</a></blockquote>
								</div>
							</div>
						</div>
						<div class="clear"></div>
						<div class="block block-footer-services">
							<div class="service-contact">
								<div class="service-phone">
									<span class="circle"><i class="fa fa-phone" aria-label="Telefon"></i></span>
									<p>226 220 500 <span>Denně 7:00 až 22:00</span></p>
							</div>
								<div class="service-mail">
									<span class="circle"><i class="fa fa-envelope" aria-label="E-mail"></i></span>

									<p>zakaznici@kosik.cz <span>Vašim e-mailům se věnujeme 7 dní v týdnu.</span></p>
								</div>
							</div>
							<div class="service-payment">
									<div class="payment">
										<img src="/css/images/payment-1.png" alt="Bezpečná platba - 1">
									</div>
									<div class="payment">
										<img src="/css/images/payment-2.png" alt="Bezpečná platba - 2">
									</div>
									<div class="payment">
										<img src="/css/images/payment-3.png" alt="Bezpečná platba - 3">
									</div>
									<div class="payment">
										<img src="/css/images/payment-4.png" alt="Bezpečná platba - 4">
									</div>
									<div class="payment">
										<img src="/css/images/payment-5.png" alt="Bezpečná platba - 5">
									</div>
							</div>
						</div>
					</div>
				</div>
				<div class="region region-copyright">
					<div class="region-inner region-copyright-inner">
						<p>Copyright ©2017 &copy; Košík.cz. Všechna práva vyhrazena.</p>
												<!-- Facebook Pixel Code -->
						<script>
							!function (f, b, e, v, n, t, s){if(f.fbq)return;n=f.fbq=function(){n.callMethod?
				n.callMethod.apply(n,arguments):n.queue.push(arguments)};if(!f._fbq)f._fbq=n;
				n.push=n;n.loaded=!0;n.version='2.0';n.queue=[];t=b.createElement(e);t.async=!0;
				t.src=v;s=b.getElementsByTagName(e)[0];s.parentNode.insertBefore(t,s)}(window,
									document, 'script', '//connect.facebook.net/en_US/fbevents.js');
							fbq('init', '338087796401059');
							fbq('track', "PageView");</script>
						<noscript><img height="1" width="1" style="display:none"
									   src="https://www.facebook.com/tr?id=338087796401059&ev=PageView&noscript=1"
							></noscript>
						<!-- End Facebook Pixel Code -->
					</div>
				</div>
			</div>
		</footer>

				<section class="kosik-modal-overlay zero-padding" id="weighable-modal" role="dialog" tabindex="-1">
			<div class="kosik-modal-inner large  super-scaled">

				<a href="javascript:void(0)" aria-label="Zavřít dialog" class="kosik-modal-close"></a>

				<div class="region region-fullwidth-image">
					<div class="region-inner region-fullwidth-image-inner">
						<img src="/css/images/veg.jpg" alt="">
					</div>
				</div>
				<div class="region region-modal-content">
					<div class="region-inner region-modal-content-inner  align-center">
						<h1 class="title"><strong>Kolik u nás zaplatíte</strong> <span>za maso, ovoce a zeleninu?</span></h1>

						<div class="block block-steps">
							<div class="block-steps-inner">
								<div class="step">
																		<p class="step-text">Slovíčka „cca" se u nás bát nemusíte! Jde pouze o přibližný
										odhad ceny, <strong>ve finále vám naúčtujeme pouze reálnou váhu daného
											výrobku.</strong></p>
								</div>
								<div class="step">
																		<p class="step-text">Při platbě v hotovosti vás kurýr obeznámí s výslednou cenou.
										Při platbě kartou vám případný rozdíl bude vrácen zpět na váš účet.</p>
								</div>
								<div class="step">
																		<p class="step-text">Nikdy se však nebude jednat o rozdíl větší než 30% z ceny
										výrobku.</p>
								</div>
							</div>
						</div>
						<a class="button button-red green-button"
						   onclick="kosikModal.closeModal(document.getElementById('weighable-modal'))">Pokračovat v nákupu</a>
					</div>
				</div>

			</div>
		</section>




        <div class="kosik-modal-overlay" id="login-modal" role="dialog" tabindex="-1" aria-labelledby="login-modal-label">
            <div class="kosik-modal-inner medium super-scaled">
                <div class="login-modal-dialog-box">
<a href="javascript:void(0)" aria-label="Zavřít dialog" class="log-in-close-tag kosik-modal-close"></a>
<div class="login-modal" id="snippet-loginModal-signIn-singIN">
        <h2 id="login-modal-label">Přihlásit</h2>
        <form action="/napoje/lihoviny" method="post" id="frm-loginModal-signIn-signInForm">
            <div class="form-row">
                    <label for="frm-loginModal-signIn-signInForm-email">E-mailová adresa</label>
                <input type="text" name="email" maxlength="255" id="frm-loginModal-signIn-signInForm-email" required data-nette-rules='[{"op":":filled","msg":"Zadejte prosím svoji e-mailovou adresu."},{"op":":email","msg":"E-mailová adresa nemá správný formát."},{"op":":maxLength","msg":"Maximální délka e-mailové adresy je %length% znaků.","arg":255}]' class="form-control">
            </div>
            <div class="form-row">
                    <label for="frm-loginModal-signIn-signInForm-password">Heslo</label>
                <input type="password" name="password" id="frm-loginModal-signIn-signInForm-password" required data-nette-rules='[{"op":":filled","msg":"Zadejte prosím své heslo."}]' class="form-control">
            </div>
            <div class="form-row">
                <a class="ajax link-red" href="/napoje/lihoviny?do=loginModal-signIn-recovery">Zapomněli jste heslo?</a>
            </div>
            <div class="form-row">
                <input type="submit" name="send" value="Přihlásit" class="button button-red ajax">
            </div>
        <input type="hidden" name="do" value="loginModal-signIn-signInForm-submit"></form>

        <div class="form-row">
            <span class="row-delimiter">
                <b>nebo</b>
            </span>
        </div>
        <div class="form-row">
<a class="button button-facebook" data-href="true" href="/napoje/lihoviny?do=loginModal-signIn-facebook-fbLogin-open">Facebook přihlášení</a>        </div>
</div>
<div class="login-modal" id="snippet-loginModal-signUp-singUP">
    <h2>Registrovat</h2>
<div id="snippet-loginModal-signUp-register">        <form action="/napoje/lihoviny" method="post" id="frm-loginModal-signUp-signUpFormMain">
            <div class="form-row">
                    <label for="frm-loginModal-signUp-signUpFormMain-email">Registrační e-mail</label>
                <input type="text" name="email" maxlength="255" id="frm-loginModal-signUp-signUpFormMain-email" required data-nette-rules='[{"op":":filled","msg":"Zadejte prosím svou e-mailovou adresu."},{"op":":email","msg":"E-mailová adresa nemá správný formát."},{"op":":maxLength","msg":"Maximální délka e-mailové adresy je %length% znaků.","arg":255}]' class="form-control signup-email">
            </div>

            <div class="form-row">
                <a href="/zajima-vas/proc-vybrat-kosik" class="link-red">Proč se registrovat?</a>
            </div>
            <div class="form-row">
                <input type="submit" name="send" value="Registrovat" class="ajax button button-red">
            </div>
        <input type="hidden" name="do" value="loginModal-signUp-signUpFormMain-submit"><!--[if IE]><input type=IEbug disabled style="display:none"><![endif]-->
</form>

                                                <p class="benefits">
            <i class="fa fa-check"></i>
            <b>Garance</b> spokojenosti
        </p>
        <p class="benefits">
            <i class="fa fa-check"></i>
            <b>Doprava</b> zdarma
        </p>
</div></div>

<script async>
    $(".signup-email").on("focus", function() {
    	window.dataLayer = window.dataLayer || [];
	    window.dataLayer.push({
		    'event': 'ga.event',
		    'eCategory': 'User',
		    'eAction': 'Registration',
		    'eLabel': 'Start',
		    'eValue': 1,
		    'eNonInteractionHit': true,
		    'eventCallback' : function() {
			    window.dataLayer.push({
				    'eCategory': undefined,
				    'eAction': undefined,
				    'eLabel': undefined,
				    'eValue': undefined,
				    'eNonInteractionHit': false
			    });
		    }
	    });
    })
</script>
                </div>
            </div>
        </div>
    <div class="kosik-modal-overlay" id="product-set-add-modal" role="dialog" tabindex="-1">
        <div class="kosik-modal-inner medium super-scaled">
            <a href="javascript:void(0)" aria-label="Zavřít dialog" class="kosik-modal-close"></a>

				<div class="product-set-add-modal-overlay" id="snippet--productSetModalArea">
	<h3>Přidání na seznam</h3>
	<p align="center">Produkt byl přidán na nákupní seznam</p>
				</div>
			</div>
		</div>
	</div>

	<script type="text/javascript">
		$(document).ready(function () {
			$('.region-brands-carousel-inner').slick({
				dots: false,
				infinite: true,
				slidesToShow: 6,
				slidesToScroll: 6,
				responsive: [
					{
						breakpoint: 1025,
						settings: {
							slidesToShow: 5,
                            swipeToSlide: true
						}
					},
					{
						breakpoint: 769,
						settings: {
							slidesToShow: 4,
                            swipeToSlide: true
						}
					},
					{
						breakpoint: 559,
						settings: {
							slidesToShow: 3,
                            swipeToSlide: false,
                            slidesToScroll: 3,
						}
					},
					{
						breakpoint: 380,
						settings: {
							slidesToShow: 2,
                            swipeToSlide: false,
                            slidesToScroll: 2,
						}
					}
				]
			});
		});

	</script>
</div>        </div>
        <div class="flass-massege-box" id="snippet--flashes">
            <div class="flass-wrapper">
                <div class="flass-inner">
                </div>
            </div>

        </div>
        <script src="/js/kosik-slider.js"></script>
            <script type="text/javascript" async>
                var ua = navigator.userAgent.toLowerCase(),
                        platform = navigator.platform.toLowerCase();
                platformName = ua.match(/ip(?:ad|od|hone)/) ? 'ios' : (ua.match(/(?:webos|android)/) || platform.match(/mac|win|linux/) || ['other'])[0],
                        isMobile = /ios|android|webos/.test(platformName);
                if (!isMobile) {
                    <!-- Daktela Chat - START Body -->
                    var _daktelaChatInit = _daktelaChatInit || {};
                    _daktelaChatInit.server = 'https://digitalengines.daktela.com/';
                    _daktelaChatInit.accessToken = 'q3059750300809p3r611r01np2n63r7r';
                    _daktelaChatInit.queueName = '91001';
                    jQuery('head').append('<script type="text/javascript" charset="utf-8" src="'+
                    _daktelaChatInit.server+'external/chat/chat.v6.js" async><'+'/script>');
                    <!-- Daktela Chat - END Body -->
                }
            </script>
            <script async src="https://yottlyscript.com/script.js?tp=77"></script>

        <script src="/js/wNumb.js"></script>
        <script src="/js/nouislider.js"></script>
        <script src="/js/notification.js"></script>
        <script src="/js/slim.kickstart.min.js"></script>


		    </body>
</html>
