<!doctype html>
<html class="no-js" lang="cs">
    <head>
        <meta charset="utf-8">
        <title>
            Produkty v akci | Košík.cz
        </title>
        <meta name="description" content="">
        <meta name="viewport" content="width=device-width, initial-scale=1.0, minimum-scale=1.0, maximum-scale=1.0, user-scalable=0">
        <meta name="google-site-verification" content="D_TktPqmDVHPoqRO1IIcPVlm_ozerAa43QP0QcKATP0">
        <link rel="apple-touch-icon" href="/css/images/logo.png">
        <link rel="stylesheet" type="text/css" href="/css/slim.min.css">

<link rel="stylesheet" type="text/css" href="/webtemp/cssloader-6fe495a87813.css?1513959590">
<script type="text/javascript" src="/webtemp/jsloader-e4f5f7728c43.js?1511346204"></script>
<script type="text/javascript">
    function currentPageDataPush() {
	    window.dataLayer = window.dataLayer || [];
	    window.dataLayer.push({
		    'pageType': "category",
		    'pageCategory': ["Nakupování","Produkty v akci"],
		    'visitorLoginState': 'Anonymous',
			
			"pageCategory":
				["Akce"]
		});
    };
    currentPageDataPush();
</script>
<!-- Google Tag Manager -->
    <script>
        (
            function(w,d,s,l,i){
                w[l]=w[l]||[];
                w[l].push({'gtm.start':new Date().getTime(),event:'gtm.js'});
                var f=d.getElementsByTagName(s)[0],j=d.createElement(s),dl=l!='dataLayer'?'&l='+l:'';
                j.async=true;
                j.src='https://www.googletagmanager.com/gtm.js?id='+i+dl;
                f.parentNode.insertBefore(j,f);
            }
        )(window,document,'script','dataLayer',"GTM-MXLVZK");
    </script>
<!-- End Google Tag Manager -->        
                    </head>
    <body>
<!-- Google Tag Manager (noscript) -->
	<noscript><iframe src="https://www.googletagmanager.com/ns.html?id=GTM-MXLVZK" height="0" width="0" style="display:none;visibility:hidden"></iframe></noscript>
<!-- End Google Tag Manager (noscript) -->
	            <div id="fb-root"></div>
        <script async>(function (d, s, id) {
                var js, fjs = d.getElementsByTagName(s)[0];
                if (d.getElementById(id)) return;
                js = d.createElement(s);
                js.id = id;
                js.src = "//connect.facebook.net/en_US/sdk.js#xfbml=1&version=v2.4&appId=680354828760786";
                fjs.parentNode.insertBefore(js, fjs);
            }(document, 'script', 'facebook-jssdk'));
        </script>
        <div class="black-overlay"></div>
        <div id="kosik-modal-blur">
<div id="snippet--wholeContent">	<!--[if lt IE 8]>
	<p class="browserupgrade">You are using an <strong>outdated</strong> browser. Please <a
			href="http://browsehappy.com/">upgrade your browser</a> to improve your experience.</p>
	<![endif]-->
	<div class="body">
		<div id="skiptocontent">
						<button onclick='location.href = "#maincontent";'  class="skip-link" accesskey="o" tabindex="1" aria-label="Přejít na hlavní obsah (klávesa o)">Hlavní obsah [o]</button>
			<button onclick='location.href = "#big-menu";'  class="skip-link" accesskey="n" tabindex="1" href="" aria-label="Přejít na navigaci (klávesa n)">Přejít na navigaci [n]</button>
			<button onclick='location.href = "#frm-suggester-suggester-phrase";'  class="skip-link" accesskey="v" tabindex="1" aria-label="Přejít na vyhledání (klávesa v)">Přejít na vyhledání [v]</button>

				<button class="skip-link blur-modal-overlay kosik-modal-open log-out-icon" tabindex="1" data-target="login-modal" aria-label="Přihlásit se (nejste přihlášen)">Přihlásit se</button>
		</div>

		<header>
			<div class="zone-wrapper zone-header-wrapper clearfix">
<div id="snippet-cookiesAgreementControl-bar">    <div class="region region-cookie-message">
        <div class="region-inner region-cookie-message-inner">
            <span>Cookies nám pomáhají poskytovat lepší služby. Používáním/zobrazováním stránky vyjadřujete souhlas s jejich používáním a uchováváním.</span>
            <a class="btn-info ajax" aria-label="Souhlasím s používáním a uchováváním cookies" href="/produkty-v-akci?do=cookiesAgreementControl-agree">Souhlasím</a>
        </div>
    </div>
</div>				<div class="zone zone-header clearfix">
					<div class="region region-header">
						<div class="region-inner region-header-inner">
							<div class="block block-logo">
								<a class="header-logo" href="/">
									<img src="/css/images/logo.svg" alt="logo Kosik.cz">
								</a>
							</div>
<script>
    $(document).ready(function(){
        var timeout;

		$('.block-suggester-container').on('click',function(e){

			e.stopPropagation();

        });

        $('.block-suggester-container .suggester input[type=text]').keyup(function(){
            var self = $(this);

            if(timeout) clearTimeout(timeout);

            timeout = setTimeout(function(){
                $.nette.ajax({
                    url: "https:\/\/www.kosik.cz\/produkty-v-akci?do=suggester-suggest",
                    data: {
                        phrase: self.val()
                    }
                })
            }, 300);


        });

    });

    function gaPush(self, cat)
    {
        dataLayer.push({
            'event': 'ga.pageview',
            'pagePath': '/hledat?q='+$('#frm-suggester-suggester-phrase').val()+'&cat='+cat,
            'pageTitle': 'Našeptávač'
        });

        window.location = self.href;
    }
</script>
<div class="block block-suggester-container" role="search">
    <div class="suggester">
        <form action="/produkty-v-akci" method="post" id="frm-suggester-suggester" aria-label="vyhledávání na košíku">
            <input type="text" name="phrase" autocomplete="off" placeholder="Vyhledávání" id="frm-suggester-suggester-phrase">
            <input type="submit" name="_submit" value="Hledat" class="button-simple button-red">
        <input type="hidden" name="do" value="suggester-suggester-submit"><!--[if IE]><input type=IEbug disabled style="display:none"><![endif]-->
</form>

    </div>
<div id="snippet-suggester-suggestionResult"></div></div>
<script type="text/javascript" async>
    var ShoppingList = {
        toggle: function () {
            basic.toggleClass(document.getElementById('shopping-list-overlay'), 'active')
        }
    };

    basic.documentReady(function () {

        var textArea = document.getElementById('frm-shoppingList-listForm-queries');

        if (textArea)
            textArea.setAttribute('placeholder', 'Například: \n\nMléko \nChléb \nVejce \nMaso \nRajče \n\n\nPro zadání klikněte do pole')
    });

</script>
<div class="block block-shopping-list" id="shopping-list-overlay">
    <a id="shopping-list" class="shopping-list button-simple button-red" onclick="ShoppingList.toggle()">Nákupní lístek</a>

    <div class="shopping-list-detail">
        <h5>Nákupní lístek</h5>

        <p>Napište hledané položky a klikněte na HLEDAT</p>
        <form action="/produkty-v-akci" method="post" id="frm-checklist-listForm">
        <textarea name="queries" placeholder="Například:&amp;#13;&amp;#10;" id="frm-checklist-listForm-queries">Chléb
Nízkotučný jogurt
Vejce
Hladká mouka</textarea>
            <div class="shopping-list-buttons">
                <a href="#" class="link-red" onclick="document.getElementById('frm-checklist-listForm').submit();">Uložit lístek</a>
                <a onclick="ShoppingList.toggle()" class="link-red">Skrýt lístek</a>
                <input type="submit" name="_submit" value="Hledat" class="button button-red">
            </div>
        <input type="hidden" name="do" value="checklist-listForm-submit"><!--[if IE]><input type=IEbug disabled style="display:none"><![endif]-->
</form>

    </div>
</div>
                        <div class="block block-user-session">

							<div class="user-session-group">
									<a class="log-icon log-out-icon blur-modal-overlay kosik-modal-open log-out-icon"
									   data-target="login-modal"
									   aria-label="Přihlásit se"
									   href="javascript:void(0)">
										<span><img src="/svg/log-out.svg"  title="Nepřihlášený uživatel"></span>
										Přihlásit
									</a>


							</div>

							</div>
							<script type="text/javascript">
								$(document).ready(function () {
									$('.block-user-session .button').click(function (event) {
										$('.block-user-session').toggleClass('open');
									});
								});
							</script>
						</div>
					</div>

					<div class="mobile-fixed-header" id="fixed-header">
						<span class="navigation-mobile only-mobile"></span>
						<span class="suggester-mobile-switcher icon-search"></span>
<div class="region region-nav-special" role="navigation">
    <div class="region-inner region-nav-special-inner">
        <ul>
            <li><a href="/produkty-v-akci" data-href="true" >
                    <img src="/svg/action.svg" aria-hidden="true" alt="akce">
                    <span class="item-name-desktop">Akce</span>
                </a></li>
            <li><a href="/vyprodej" data-href="true">
                    <img src="/svg/sale.svg" aria-hidden="true" alt="výprodej">
                    <span class="item-name-desktop">Výprodej</span>
                </a></li>
                        <li></li>
            <li><a href="/recepty" data-href="true">
                    <img src="/svg/recipes.svg" aria-hidden="true" alt="recepty">
                    <span class="item-name-desktop">Recepty</span>
                </a></li>
            <li><a href="https://blog.kosik.cz" data-href="true" target="_blank">
                    <img src="/svg/blog.svg" aria-hidden="true" alt="blog">
                    <span class="item-name-desktop">Blog</span>
                </a></li>
            <li><a href="/delikatesy">
                    <img src="/svg/deli.svg" aria-hidden="true" alt="delikatesy">
                    <span class="item-name-desktop">Delikatesy</span>
                </a></li>
            <li><a href="/hotova-jidla">
                    <img src="/svg/ready-made-meal.svg" aria-hidden="true" alt="hotová jídla">
                    <span class="item-name-desktop">Hotová jídla</span>
                </a></li>
            <li><a class="christmas-link" href="/#christmas-inspiration">
                    <img src="/svg/vanoce.svg" aria-hidden="true" alt="Vánoce">
                    <span class="item-name-desktop">Vánoce</span>
                </a></li>
            <li><a href="/poctive-piti">
                    <img src="/svg/honest-drinks.svg" aria-hidden="true" alt="poctivé pití">
                    <span class="item-name-desktop">Poctivé pití</span>
                </a></li>
        </ul>
    </div>
</div>

<div class="region region-navigation" id="big-menu" role="navigation">
    <div class="region-inner region-navigation-inner">
        <span class="navigation-mobile"></span>
        <script>
            $(document).ready(function () {
                $('.region-navigation ul > li.sub').hover(function () {
                    var isOpen = $(this).data().open;

                    if (!isOpen) {
                        var images = $(this).find('img');

                        images.each(function (index, element) {
                            $(element).attr('src', $(element).data().src);
                        });

                        $(this).data().open = true;
                    }
                });
            });
        </script>

        <ul>
                <li class="login-modal-controls  mobile-small-nav-show">
                    <a class="log-in blur-modal-overlay kosik-modal-open" data-target="login-modal" id="signup-open">
                        Registrovat
                    </a>
                    <a class="log-in blur-modal-overlay kosik-modal-open" data-target="login-modal" id="signin-open">
                        Přihlásit
                    </a>
                </li>
                <li class="facebook-nav  mobile-small-nav-show">
<a class="button button-facebook" data-href="true" href="/produkty-v-akci?do=menu-facebook-fbLogin-open">Facebook přihlášení</a>                </li>


                        <div class="menu-nav-icons mobile-small-nav-show">

                <div class="ico-text-group">
                    <a class="ico-text-group-link" href="/produkty-v-akci" data-href="true">
                        <span class="item-name">Akce</span>
                        <img src="/svg/action.svg" aria-hidden="true" alt="akce">
                    </a>
                </div>


                <div class="ico-text-group">
                    <a class="ico-text-group-link" href="/vyprodej" data-href="true">
                        <span class="item-name">Výprodej</span>
                        <img src="/svg/sale.svg" aria-hidden="true" alt="výprodej">
                    </a>
                </div>


                
                <div class="ico-text-group">
                    <a class="ico-text-group-link" href="/recepty" data-href="true">
                        <span class="item-name">Recepty</span>
                        <img src="/svg/recipes.svg" aria-hidden="true" alt="recepty">
                    </a>
                </div>

               <div class="ico-text-group">
                    <a class="ico-text-group-link" href="https://blog.kosik.cz" data-href="true" target="_blank">
                        <span class="item-name">Blog</span>
                        <img src="/svg/blog.svg" aria-hidden="true" alt="blog">
                    </a>
                </div>

                <div class="ico-text-group">
                    <a class="ico-text-group-link" href="/delikatesy" data-href="true">
                        <span class="item-name">Delikatesy</span>
                        <img src="/svg/deli.svg" aria-hidden="true" alt="delikatesy">
                    </a>
                </div>

                <div class="ico-text-group">
                    <a class="ico-text-group-link" href="/hotova-jidla" data-href="true">
                        <span class="item-name">Hotová jídla</span>
                        <img src="/svg/ready-made-meal.svg" aria-hidden="true" alt="hotová jídla">
                    </a>
                </div>

                <div class="ico-text-group">
                    <a class="ico-text-group-link christmas-link" href="/#christmas-inspiration" data-href="true" >
                        <span class="item-name">Vánoce</span>
                        <img src="/svg/vanoce.svg" aria-hidden="true" alt="Vánoce">
                    </a>
                </div>

                <div class="ico-text-group">
                    <a class="ico-text-group-link" href="/poctive-piti" data-href="true" >
                        <span class="item-name">Poctivé pití</span>
                        <img src="/svg/honest-drinks.svg" aria-hidden="true" alt="Poctivé pití">
                    </a>
                </div>
            </div>

                <li class="sub with-children"
                    data-open="false">
                    <a href="/mlecne-a-chlazene">
                        Mléčné a chlazené
                    </a>
                        <span class="category-toggle-sub mobile-small-nav-show"
                              onclick="this.parentNode.classList.toggle('open')">
							<i class="fa fa-angle-down" aria-hidden="true"></i>
						</span>
                    <div class="block block-droped-category">
                        <div class="block-droped-category-inner">
                            <div class="category-product-list">

                                                                <div class="product-type">
                                    <a href="/mlecne-a-chlazene/mlecne-vyrobky-vejce" class="product-type-image">
                                        <img data-src="https://cdn.kosik.cz/content/category/svg/menu/908.svg" alt="Mléčné výrobky, vejce">
                                    </a>
                                    <h3>
                                        <a class="children" href="/mlecne-a-chlazene/mlecne-vyrobky-vejce">
                                            Mléčné výrobky, vejce
                                        </a>
                                    </h3>

                                                                        <div class="categories-container">

                                                <a href="/mlecne-a-chlazene/mlecne-vyrobky-vejce/bio-mlecne-vyrobky">
                                                    Bio mléčné výrobky,
                                                </a>

                                                <a href="/mlecne-a-chlazene/mlecne-vyrobky-vejce/drozdi">
                                                    Droždí,
                                                </a>

                                                <a href="/mlecne-a-chlazene/mlecne-vyrobky-vejce/mleko">
                                                    Mléko,
                                                </a>


                                                <a href="/mlecne-a-chlazene/mlecne-vyrobky-vejce/smetany-a-alternativy">
                                                    Smetany a alternativy,
                                                </a>

                                                <a href="/mlecne-a-chlazene/mlecne-vyrobky-vejce/jogurty">
                                                    Jogurty,
                                                </a>







                                        <a href="/mlecne-a-chlazene/mlecne-vyrobky-vejce">...</a>
                                    </div>
                                </div>
                                <div class="product-type">
                                    <a href="/mlecne-a-chlazene/syry" class="product-type-image">
                                        <img data-src="https://cdn.kosik.cz/content/category/svg/menu/936.svg" alt="Sýry">
                                    </a>
                                    <h3>
                                        <a class="children" href="/mlecne-a-chlazene/syry">
                                            Sýry
                                        </a>
                                    </h3>

                                                                        <div class="categories-container">

                                                <a href="/mlecne-a-chlazene/syry/platkove">
                                                    Plátkové,
                                                </a>

                                                <a href="/mlecne-a-chlazene/syry/blocky">
                                                    Bločky,
                                                </a>

                                                <a href="/mlecne-a-chlazene/syry/strouhane">
                                                    Strouhané,
                                                </a>

                                                <a href="/mlecne-a-chlazene/syry/cottage-a-cerstve">
                                                    Cottage a čerstvé,
                                                </a>



                                                <a href="/mlecne-a-chlazene/syry/termizovane">
                                                    Termizované,
                                                </a>









                                        <a href="/mlecne-a-chlazene/syry">...</a>
                                    </div>
                                </div>
                                <div class="product-type">
                                    <a href="/mlecne-a-chlazene/upraveny-obsah-laktozy" class="product-type-image">
                                        <img data-src="https://cdn.kosik.cz/content/category/svg/menu/1703.svg" alt="Upravený obsah laktózy">
                                    </a>
                                    <h3>
                                        <a class="children" href="/mlecne-a-chlazene/upraveny-obsah-laktozy">
                                            Upravený obsah laktózy
                                        </a>
                                    </h3>

                                                                        <div class="categories-container">


                                                <a href="/mlecne-a-chlazene/upraveny-obsah-laktozy/bez-laktozy">
                                                    Bez laktózy,
                                                </a>
                                        <a href="/mlecne-a-chlazene/upraveny-obsah-laktozy">...</a>
                                    </div>
                                </div>
                                <div class="product-type">
                                    <a href="/mlecne-a-chlazene/maslo-margariny-tuky" class="product-type-image">
                                        <img data-src="https://cdn.kosik.cz/content/category/svg/menu/902.svg" alt="Máslo, margaríny, tuky">
                                    </a>
                                    <h3>
                                        <a class="children" href="/mlecne-a-chlazene/maslo-margariny-tuky">
                                            Máslo, margaríny, tuky
                                        </a>
                                    </h3>

                                                                        <div class="categories-container">

                                                <a href="/mlecne-a-chlazene/maslo-margariny-tuky/margariny">
                                                    Margaríny,
                                                </a>

                                                <a href="/mlecne-a-chlazene/maslo-margariny-tuky/maslo">
                                                    Máslo,
                                                </a>


                                                <a href="/mlecne-a-chlazene/maslo-margariny-tuky/sadlo">
                                                    Sádlo,
                                                </a>

                                        <a href="/mlecne-a-chlazene/maslo-margariny-tuky">...</a>
                                    </div>
                                </div>
                                <div class="product-type">
                                    <a href="/mlecne-a-chlazene/majonezy-tatarky-a-dresingy" class="product-type-image">
                                        <img data-src="https://cdn.kosik.cz/content/category/svg/menu/899.svg" alt="Majonézy, tatarky a dresingy">
                                    </a>
                                    <h3>
                                        <a class="children" href="/mlecne-a-chlazene/majonezy-tatarky-a-dresingy">
                                            Majonézy, tatarky a dresingy
                                        </a>
                                    </h3>

                                                                        <div class="categories-container">

                                                <a href="/mlecne-a-chlazene/majonezy-tatarky-a-dresingy/dresingy">
                                                    Dresingy,
                                                </a>

                                        <a href="/mlecne-a-chlazene/majonezy-tatarky-a-dresingy">...</a>
                                    </div>
                                </div>
                            </div>
                        </div>
                    </div>
                </li>
                <li class="sub with-children"
                    data-open="false">
                    <a href="/maso-a-ryby">
                        Maso a ryby
                    </a>
                        <span class="category-toggle-sub mobile-small-nav-show"
                              onclick="this.parentNode.classList.toggle('open')">
							<i class="fa fa-angle-down" aria-hidden="true"></i>
						</span>
                    <div class="block block-droped-category">
                        <div class="block-droped-category-inner">
                            <div class="category-product-list">

                                                                <div class="product-type">
                                    <a href="/maso-a-ryby/jehneci" class="product-type-image">
                                        <img data-src="https://cdn.kosik.cz/content/category/svg/menu/973.svg" alt="Jehněčí">
                                    </a>
                                    <h3>
                                        <a class="children" href="/maso-a-ryby/jehneci">
                                            Jehněčí
                                        </a>
                                    </h3>

                                                                        <div class="categories-container">

                                                <a href="/maso-a-ryby/jehneci/bio">
                                                    Bio,
                                                </a>

                                                <a href="/maso-a-ryby/jehneci/s-kosti">
                                                    S kostí,
                                                </a>

                                                <a href="/maso-a-ryby/jehneci/mlete">
                                                    Mleté,
                                                </a>
                                        <a href="/maso-a-ryby/jehneci">...</a>
                                    </div>
                                </div>
                                <div class="product-type">
                                    <a href="/maso-a-ryby/mlete-maso" class="product-type-image">
                                        <img data-src="https://cdn.kosik.cz/content/category/svg/menu/974.svg" alt="Mleté maso">
                                    </a>
                                    <h3>
                                        <a class="children" href="/maso-a-ryby/mlete-maso">
                                            Mleté maso
                                        </a>
                                    </h3>

                                                                        <div class="categories-container">

                                                <a href="/maso-a-ryby/mlete-maso/hovezi">
                                                    Hovězí,
                                                </a>

                                                <a href="/maso-a-ryby/mlete-maso/veprove">
                                                    Vepřové,
                                                </a>

                                                <a href="/maso-a-ryby/mlete-maso/jehneci">
                                                    Jehněčí,
                                                </a>

                                                <a href="/maso-a-ryby/mlete-maso/michane-mix">
                                                    Míchané (mix),
                                                </a>

                                                <a href="/maso-a-ryby/mlete-maso/drubezi">
                                                    Drůbeží,
                                                </a>
                                        <a href="/maso-a-ryby/mlete-maso">...</a>
                                    </div>
                                </div>
                                <div class="product-type">
                                    <a href="/maso-a-ryby/farmarske-a-specialni" class="product-type-image">
                                        <img data-src="https://cdn.kosik.cz/content/category/svg/menu/1858.svg" alt="Farmářské a speciální">
                                    </a>
                                    <h3>
                                        <a class="children" href="/maso-a-ryby/farmarske-a-specialni">
                                            Farmářské a speciální
                                        </a>
                                    </h3>

                                                                        <div class="categories-container">

                                                <a href="/maso-a-ryby/farmarske-a-specialni/farmarska-drubez">
                                                    Farmářská Drůbež,
                                                </a>

                                                <a href="/maso-a-ryby/farmarske-a-specialni/francouzska-drubez">
                                                    Francouzská drůbež,
                                                </a>
                                        <a href="/maso-a-ryby/farmarske-a-specialni">...</a>
                                    </div>
                                </div>
                                <div class="product-type">
                                    <a href="/maso-a-ryby/masa-na-grilovani-a-steaky" class="product-type-image">
                                        <img data-src="https://cdn.kosik.cz/content/category/svg/menu/1859.svg" alt="Masa na grilování a steaky">
                                    </a>
                                    <h3>
                                        <a class="children" href="/maso-a-ryby/masa-na-grilovani-a-steaky">
                                            Masa na grilování a steaky
                                        </a>
                                    </h3>

                                                                        <div class="categories-container">

                                                <a href="/maso-a-ryby/masa-na-grilovani-a-steaky/vyzrala-masa">
                                                    Vyzrálá masa,
                                                </a>

                                                <a href="/maso-a-ryby/masa-na-grilovani-a-steaky/masa-na-grilovani">
                                                    Masa na grilování,
                                                </a>

                                                <a href="/maso-a-ryby/masa-na-grilovani-a-steaky/masa-na-medailonky">
                                                    Masa na medailonky,
                                                </a>
                                        <a href="/maso-a-ryby/masa-na-grilovani-a-steaky">...</a>
                                    </div>
                                </div>
                                <div class="product-type">
                                    <a href="/maso-a-ryby/snadne-vareni-a-polotovary" class="product-type-image">
                                        <img data-src="https://cdn.kosik.cz/content/category/svg/menu/1860.svg" alt="Snadné vaření a polotovary">
                                    </a>
                                    <h3>
                                        <a class="children" href="/maso-a-ryby/snadne-vareni-a-polotovary">
                                            Snadné vaření a polotovary
                                        </a>
                                    </h3>

                                                                        <div class="categories-container">

                                                <a href="/maso-a-ryby/snadne-vareni-a-polotovary/sous-vide">
                                                    Sous vide,
                                                </a>

                                                <a href="/maso-a-ryby/snadne-vareni-a-polotovary/burgery">
                                                    Burgery,
                                                </a>

                                                <a href="/maso-a-ryby/snadne-vareni-a-polotovary/klobasy">
                                                    Klobásy,
                                                </a>

                                                <a href="/maso-a-ryby/snadne-vareni-a-polotovary/vyvary">
                                                    Vývary,
                                                </a>

                                                <a href="/maso-a-ryby/snadne-vareni-a-polotovary/masne-polotovary">
                                                    Masné Polotovary,
                                                </a>
                                        <a href="/maso-a-ryby/snadne-vareni-a-polotovary">...</a>
                                    </div>
                                </div>
                                <div class="product-type">
                                    <a href="/maso-a-ryby/drubez" class="product-type-image">
                                        <img data-src="https://cdn.kosik.cz/content/category/svg/menu/961.svg" alt="Drůbež">
                                    </a>
                                    <h3>
                                        <a class="children" href="/maso-a-ryby/drubez">
                                            Drůbež
                                        </a>
                                    </h3>

                                                                        <div class="categories-container">

                                                <a href="/maso-a-ryby/drubez/bio">
                                                    Bio,
                                                </a>

                                                <a href="/maso-a-ryby/drubez/kachna-husa">
                                                    Kachna, husa,
                                                </a>

                                                <a href="/maso-a-ryby/drubez/droby">
                                                    Droby,
                                                </a>

                                                <a href="/maso-a-ryby/drubez/mlete">
                                                    Mleté,
                                                </a>

                                                <a href="/maso-a-ryby/drubez/specialni">
                                                    Speciální,
                                                </a>

                                                <a href="/maso-a-ryby/drubez/na-polevku">
                                                    Na polévku,
                                                </a>

                                                <a href="/maso-a-ryby/drubez/rodinne-baleni">
                                                    Rodinné balení,
                                                </a>





                                        <a href="/maso-a-ryby/drubez">...</a>
                                    </div>
                                </div>
                                <div class="product-type">
                                    <a href="/maso-a-ryby/hovezi" class="product-type-image">
                                        <img data-src="https://cdn.kosik.cz/content/category/svg/menu/967.svg" alt="Hovězí">
                                    </a>
                                    <h3>
                                        <a class="children" href="/maso-a-ryby/hovezi">
                                            Hovězí
                                        </a>
                                    </h3>

                                                                        <div class="categories-container">

                                                <a href="/maso-a-ryby/hovezi/mlete">
                                                    Mleté,
                                                </a>

                                                <a href="/maso-a-ryby/hovezi/na-polevku">
                                                    Na polévku,
                                                </a>

                                                <a href="/maso-a-ryby/hovezi/rodinne-baleni">
                                                    Rodinné balení,
                                                </a>

                                                <a href="/maso-a-ryby/hovezi/jalovice-krava">
                                                    Jalovice, kráva,
                                                </a>

                                                <a href="/maso-a-ryby/hovezi/mlady-byk">
                                                    Mladý býk,
                                                </a>


                                                <a href="/maso-a-ryby/hovezi/bio">
                                                    Bio,
                                                </a>

                                        <a href="/maso-a-ryby/hovezi">...</a>
                                    </div>
                                </div>
                                <div class="product-type">
                                    <a href="/maso-a-ryby/veprove" class="product-type-image">
                                        <img data-src="https://cdn.kosik.cz/content/category/svg/menu/980.svg" alt="Vepřové">
                                    </a>
                                    <h3>
                                        <a class="children" href="/maso-a-ryby/veprove">
                                            Vepřové
                                        </a>
                                    </h3>

                                                                        <div class="categories-container">

                                                <a href="/maso-a-ryby/veprove/v-celku">
                                                    V celku,
                                                </a>

                                                <a href="/maso-a-ryby/veprove/krajene">
                                                    Krájené,
                                                </a>

                                                <a href="/maso-a-ryby/veprove/droby">
                                                    Droby,
                                                </a>

                                                <a href="/maso-a-ryby/veprove/mlete">
                                                    Mleté,
                                                </a>

                                                <a href="/maso-a-ryby/veprove/uzene">
                                                    Uzené,
                                                </a>

                                                <a href="/maso-a-ryby/veprove/slaniny">
                                                    Slaniny,
                                                </a>

                                                <a href="/maso-a-ryby/veprove/rodinne-baleni">
                                                    Rodinné balení,
                                                </a>
                                        <a href="/maso-a-ryby/veprove">...</a>
                                    </div>
                                </div>
                                <div class="product-type">
                                    <a href="/maso-a-ryby/ryby" class="product-type-image">
                                        <img data-src="https://cdn.kosik.cz/content/category/svg/menu/975.svg" alt="Ryby">
                                    </a>
                                    <h3>
                                        <a class="children" href="/maso-a-ryby/ryby">
                                            Ryby
                                        </a>
                                    </h3>

                                                                        <div class="categories-container">

                                                <a href="/maso-a-ryby/ryby/cele-ryby">
                                                    Celé ryby,
                                                </a>

                                                <a href="/maso-a-ryby/ryby/filety">
                                                    Filety,
                                                </a>

                                                <a href="/maso-a-ryby/ryby/ceske-ryby">
                                                    České ryby,
                                                </a>

                                                <a href="/maso-a-ryby/ryby/morske">
                                                    Mořské,
                                                </a>

                                                <a href="/maso-a-ryby/ryby/sladkovodni">
                                                    Sladkovodní,
                                                </a>

                                                <a href="/maso-a-ryby/ryby/uzene">
                                                    Uzené,
                                                </a>

                                        <a href="/maso-a-ryby/ryby">...</a>
                                    </div>
                                </div>
                                <div class="product-type">
                                    <a href="/maso-a-ryby/zverina" class="product-type-image">
                                        <img data-src="https://cdn.kosik.cz/content/category/svg/menu/982.svg" alt="Zvěřina">
                                    </a>
                                    <h3>
                                        <a class="children" href="/maso-a-ryby/zverina">
                                            Zvěřina
                                        </a>
                                    </h3>

                                                                        <div class="categories-container">

                                                <a href="/maso-a-ryby/zverina/vysoka">
                                                    Vysoká,
                                                </a>

                                                <a href="/maso-a-ryby/zverina/cerna">
                                                    Černá,
                                                </a>
                                        <a href="/maso-a-ryby/zverina">...</a>
                                    </div>
                                </div>
                                <div class="product-type">
                                    <a href="/maso-a-ryby/bio" class="product-type-image">
                                        <img data-src="https://cdn.kosik.cz/content/category/svg/menu/981.svg" alt="Bio">
                                    </a>
                                    <h3>
                                        <a class="children" href="/maso-a-ryby/bio">
                                            Bio
                                        </a>
                                    </h3>

                                                                        <div class="categories-container">

                                                <a href="/maso-a-ryby/bio/hovezi">
                                                    Hovězí,
                                                </a>

                                                <a href="/maso-a-ryby/bio/drubezi">
                                                    Drůbeží,
                                                </a>

                                                <a href="/maso-a-ryby/bio/jehneci">
                                                    Jehněčí,
                                                </a>
                                        <a href="/maso-a-ryby/bio">...</a>
                                    </div>
                                </div>
                                <div class="product-type">
                                    <a href="/maso-a-ryby/susene-maso" class="product-type-image">
                                        <img data-src="https://cdn.kosik.cz/content/category/svg/menu/984.svg" alt="Sušené maso">
                                    </a>
                                    <h3>
                                        <a class="children" href="/maso-a-ryby/susene-maso">
                                            Sušené maso
                                        </a>
                                    </h3>

                                                                        <div class="categories-container">

                                                <a href="/maso-a-ryby/susene-maso/hovezi">
                                                    Hovězí,
                                                </a>

                                                <a href="/maso-a-ryby/susene-maso/veprove">
                                                    Vepřové,
                                                </a>

                                                <a href="/maso-a-ryby/susene-maso/drubezi">
                                                    Drůbeží,
                                                </a>

                                                <a href="/maso-a-ryby/susene-maso/ostatni">
                                                    Ostatní,
                                                </a>
                                        <a href="/maso-a-ryby/susene-maso">...</a>
                                    </div>
                                </div>
                            </div>
                        </div>
                    </div>
                </li>
                <li class="sub with-children"
                    data-open="false">
                    <a href="/ovoce-a-zelenina">
                        Ovoce a zelenina
                    </a>
                        <span class="category-toggle-sub mobile-small-nav-show"
                              onclick="this.parentNode.classList.toggle('open')">
							<i class="fa fa-angle-down" aria-hidden="true"></i>
						</span>
                    <div class="block block-droped-category">
                        <div class="block-droped-category-inner">
                            <div class="category-product-list">

                                                                <div class="product-type">
                                    <a href="/ovoce-a-zelenina/susene-orechy-a-semena" class="product-type-image">
                                        <img data-src="https://cdn.kosik.cz/content/category/svg/menu/1003.svg" alt="Sušené ořechy a semena">
                                    </a>
                                    <h3>
                                        <a class="children" href="/ovoce-a-zelenina/susene-orechy-a-semena">
                                            Sušené ořechy a semena
                                        </a>
                                    </h3>

                                                                        <div class="categories-container">

                                                <a href="/ovoce-a-zelenina/susene-orechy-a-semena/orechy">
                                                    Ořechy,
                                                </a>

                                                <a href="/ovoce-a-zelenina/susene-orechy-a-semena/semena">
                                                    Semena,
                                                </a>
                                        <a href="/ovoce-a-zelenina/susene-orechy-a-semena">...</a>
                                    </div>
                                </div>
                                <div class="product-type">
                                    <a href="/ovoce-a-zelenina/cerstve-stavy" class="product-type-image">
                                        <img data-src="https://cdn.kosik.cz/content/category/svg/menu/1756.svg" alt="Čerstvé šťávy">
                                    </a>
                                    <h3>
                                        <a class="children" href="/ovoce-a-zelenina/cerstve-stavy">
                                            Čerstvé šťávy
                                        </a>
                                    </h3>

                                                                    </div>
                                <div class="product-type">
                                    <a href="/ovoce-a-zelenina/ovoce" class="product-type-image">
                                        <img data-src="https://cdn.kosik.cz/content/category/svg/menu/993.svg" alt="Ovoce">
                                    </a>
                                    <h3>
                                        <a class="children" href="/ovoce-a-zelenina/ovoce">
                                            Ovoce
                                        </a>
                                    </h3>

                                                                        <div class="categories-container">

                                                <a href="/ovoce-a-zelenina/ovoce/jablka-a-hrusky">
                                                    Jablka a hrušky,
                                                </a>


                                                <a href="/ovoce-a-zelenina/ovoce/citrusy">
                                                    Citrusy,
                                                </a>

                                                <a href="/ovoce-a-zelenina/ovoce/hrozny-a-melouny">
                                                    Hrozny a melouny,
                                                </a>

                                                <a href="/ovoce-a-zelenina/ovoce/jahody-a-lesni-plody">
                                                    Jahody a lesní plody,
                                                </a>

                                        <a href="/ovoce-a-zelenina/ovoce">...</a>
                                    </div>
                                </div>
                                <div class="product-type">
                                    <a href="/ovoce-a-zelenina/zelenina" class="product-type-image">
                                        <img data-src="https://cdn.kosik.cz/content/category/svg/menu/1013.svg" alt="Zelenina">
                                    </a>
                                    <h3>
                                        <a class="children" href="/ovoce-a-zelenina/zelenina">
                                            Zelenina
                                        </a>
                                    </h3>

                                                                        <div class="categories-container">

                                                <a href="/ovoce-a-zelenina/zelenina/brambory">
                                                    Brambory,
                                                </a>

                                                <a href="/ovoce-a-zelenina/zelenina/cibule-a-cesnek">
                                                    Cibule a česnek,
                                                </a>

                                                <a href="/ovoce-a-zelenina/zelenina/korenova-zelenina">
                                                    Kořenová zelenina,
                                                </a>


                                                <a href="/ovoce-a-zelenina/zelenina/okurky-a-salaty">
                                                    Okurky a saláty,
                                                </a>





                                                <a href="/ovoce-a-zelenina/zelenina/houby">
                                                    Houby,
                                                </a>


                                        <a href="/ovoce-a-zelenina/zelenina">...</a>
                                    </div>
                                </div>
                                <div class="product-type">
                                    <a href="/ovoce-a-zelenina/bylinky" class="product-type-image">
                                        <img data-src="https://cdn.kosik.cz/content/category/svg/menu/989.svg" alt="Bylinky">
                                    </a>
                                    <h3>
                                        <a class="children" href="/ovoce-a-zelenina/bylinky">
                                            Bylinky
                                        </a>
                                    </h3>

                                                                        <div class="categories-container">

                                                <a href="/ovoce-a-zelenina/bylinky/bylinky-v-kvetinaci">
                                                    Bylinky v květináči,
                                                </a>

                                                <a href="/ovoce-a-zelenina/bylinky/rezane-bylinky">
                                                    Řezané bylinky,
                                                </a>
                                        <a href="/ovoce-a-zelenina/bylinky">...</a>
                                    </div>
                                </div>
                                <div class="product-type">
                                    <a href="/ovoce-a-zelenina/salaty" class="product-type-image">
                                        <img data-src="https://cdn.kosik.cz/content/category/svg/menu/1000.svg" alt="Saláty">
                                    </a>
                                    <h3>
                                        <a class="children" href="/ovoce-a-zelenina/salaty">
                                            Saláty
                                        </a>
                                    </h3>

                                                                        <div class="categories-container">

                                                <a href="/ovoce-a-zelenina/salaty/ovocne-salaty">
                                                    Ovocné saláty,
                                                </a>

                                                <a href="/ovoce-a-zelenina/salaty/zeleninove-salaty">
                                                    Zeleninové saláty,
                                                </a>
                                        <a href="/ovoce-a-zelenina/salaty">...</a>
                                    </div>
                                </div>
                                <div class="product-type">
                                    <a href="/ovoce-a-zelenina/susene-ovoce-smesi-a-houby" class="product-type-image">
                                        <img data-src="https://cdn.kosik.cz/content/category/svg/menu/1008.svg" alt="Sušené ovoce, směsi a houby">
                                    </a>
                                    <h3>
                                        <a class="children" href="/ovoce-a-zelenina/susene-ovoce-smesi-a-houby">
                                            Sušené ovoce, směsi a houby
                                        </a>
                                    </h3>

                                                                        <div class="categories-container">

                                                <a href="/ovoce-a-zelenina/susene-ovoce-smesi-a-houby/susene-ovoce">
                                                    Sušené ovoce,
                                                </a>

                                                <a href="/ovoce-a-zelenina/susene-ovoce-smesi-a-houby/susene-houby">
                                                    Sušené houby,
                                                </a>
                                        <a href="/ovoce-a-zelenina/susene-ovoce-smesi-a-houby">...</a>
                                    </div>
                                </div>
                                <div class="product-type">
                                    <a href="/ovoce-a-zelenina/bio" class="product-type-image">
                                        <img data-src="https://cdn.kosik.cz/content/category/svg/menu/986.svg" alt="Bio">
                                    </a>
                                    <h3>
                                        <a class="children" href="/ovoce-a-zelenina/bio">
                                            Bio
                                        </a>
                                    </h3>

                                                                        <div class="categories-container">

                                                <a href="/ovoce-a-zelenina/bio/bio-ovoce">
                                                    Bio ovoce,
                                                </a>

                                                <a href="/ovoce-a-zelenina/bio/bio-zelenina">
                                                    Bio zelenina,
                                                </a>
                                        <a href="/ovoce-a-zelenina/bio">...</a>
                                    </div>
                                </div>
                            </div>
                        </div>
                    </div>
                </li>
                <li class="sub with-children"
                    data-open="false">
                    <a href="/pecivo">
                        Pečivo
                    </a>
                        <span class="category-toggle-sub mobile-small-nav-show"
                              onclick="this.parentNode.classList.toggle('open')">
							<i class="fa fa-angle-down" aria-hidden="true"></i>
						</span>
                    <div class="block block-droped-category">
                        <div class="block-droped-category-inner">
                            <div class="category-product-list">

                                                                <div class="product-type">
                                    <a href="/pecivo/dorty-a-zakusky" class="product-type-image">
                                        <img data-src="https://cdn.kosik.cz/content/category/svg/menu/1033.svg" alt="Dorty a zákusky">
                                    </a>
                                    <h3>
                                        <a class="children" href="/pecivo/dorty-a-zakusky">
                                            Dorty a zákusky
                                        </a>
                                    </h3>

                                                                    </div>
                                <div class="product-type">
                                    <a href="/pecivo/bezne" class="product-type-image">
                                        <img data-src="https://cdn.kosik.cz/content/category/svg/menu/1028.svg" alt="Běžné">
                                    </a>
                                    <h3>
                                        <a class="children" href="/pecivo/bezne">
                                            Běžné
                                        </a>
                                    </h3>

                                                                        <div class="categories-container">

                                                <a href="/pecivo/bezne/balene-pecivo">
                                                    Balené pečivo,
                                                </a>

                                                <a href="/pecivo/bezne/svetle-pecivo">
                                                    Světlé pečivo,
                                                </a>

                                                <a href="/pecivo/bezne/slane-pecivo">
                                                    Slané pečivo,
                                                </a>

                                        <a href="/pecivo/bezne">...</a>
                                    </div>
                                </div>
                                <div class="product-type">
                                    <a href="/pecivo/chleb" class="product-type-image">
                                        <img data-src="https://cdn.kosik.cz/content/category/svg/menu/1034.svg" alt="Chléb">
                                    </a>
                                    <h3>
                                        <a class="children" href="/pecivo/chleb">
                                            Chléb
                                        </a>
                                    </h3>

                                                                        <div class="categories-container">

                                                <a href="/pecivo/chleb/chleb-baleny">
                                                    Chléb balený,
                                                </a>

                                                <a href="/pecivo/chleb/chleb-volny">
                                                    Chléb volný,
                                                </a>
                                        <a href="/pecivo/chleb">...</a>
                                    </div>
                                </div>
                                <div class="product-type">
                                    <a href="/pecivo/sladke" class="product-type-image">
                                        <img data-src="https://cdn.kosik.cz/content/category/svg/menu/1042.svg" alt="Sladké">
                                    </a>
                                    <h3>
                                        <a class="children" href="/pecivo/sladke">
                                            Sladké
                                        </a>
                                    </h3>

                                                                        <div class="categories-container">

                                                <a href="/pecivo/sladke/sladke-pecivo-balene">
                                                    Sladké pečivo balené,
                                                </a>

                                                <a href="/pecivo/sladke/sladke-pecivo-volne">
                                                    Sladké pečivo volné,
                                                </a>
                                        <a href="/pecivo/sladke">...</a>
                                    </div>
                                </div>
                                <div class="product-type">
                                    <a href="/pecivo/trvanlive-pecivo" class="product-type-image">
                                        <img data-src="https://cdn.kosik.cz/content/category/svg/menu/1045.svg" alt="Trvanlivé pečivo">
                                    </a>
                                    <h3>
                                        <a class="children" href="/pecivo/trvanlive-pecivo">
                                            Trvanlivé pečivo
                                        </a>
                                    </h3>

                                                                    </div>
                                <div class="product-type">
                                    <a href="/pecivo/bezlepkove-pecivo" class="product-type-image">
                                        <img data-src="https://cdn.kosik.cz/content/category/svg/menu/1027.svg" alt="Bezlepkové pečivo">
                                    </a>
                                    <h3>
                                        <a class="children" href="/pecivo/bezlepkove-pecivo">
                                            Bezlepkové pečivo
                                        </a>
                                    </h3>

                                                                    </div>
                            </div>
                        </div>
                    </div>
                </li>
                <li class="sub with-children"
                    data-open="false">
                    <a href="/uzeniny-a-lahudky">
                        Uzeniny a lahůdky
                    </a>
                        <span class="category-toggle-sub mobile-small-nav-show"
                              onclick="this.parentNode.classList.toggle('open')">
							<i class="fa fa-angle-down" aria-hidden="true"></i>
						</span>
                    <div class="block block-droped-category">
                        <div class="block-droped-category-inner">
                            <div class="category-product-list">

                                                                <div class="product-type">
                                    <a href="/uzeniny-a-lahudky/uzeniny" class="product-type-image">
                                        <img data-src="https://cdn.kosik.cz/content/category/svg/menu/1047.svg" alt="Uzeniny">
                                    </a>
                                    <h3>
                                        <a class="children" href="/uzeniny-a-lahudky/uzeniny">
                                            Uzeniny
                                        </a>
                                    </h3>

                                                                        <div class="categories-container">

                                                <a href="/uzeniny-a-lahudky/uzeniny/sunky">
                                                    Šunky,
                                                </a>

                                                <a href="/uzeniny-a-lahudky/uzeniny/salamy">
                                                    Salámy,
                                                </a>

                                                <a href="/uzeniny-a-lahudky/uzeniny/parky-a-spekacky">
                                                    Párky a špekáčky,
                                                </a>

                                                <a href="/uzeniny-a-lahudky/uzeniny/klobasy">
                                                    Klobásy,
                                                </a>

                                                <a href="/uzeniny-a-lahudky/uzeniny/uzena-masa">
                                                    Uzená  masa,
                                                </a>





                                        <a href="/uzeniny-a-lahudky/uzeniny">...</a>
                                    </div>
                                </div>
                                <div class="product-type">
                                    <a href="/uzeniny-a-lahudky/lahudky" class="product-type-image">
                                        <img data-src="https://cdn.kosik.cz/content/category/svg/menu/1062.svg" alt="Lahůdky">
                                    </a>
                                    <h3>
                                        <a class="children" href="/uzeniny-a-lahudky/lahudky">
                                            Lahůdky
                                        </a>
                                    </h3>

                                                                        <div class="categories-container">

                                                <a href="/uzeniny-a-lahudky/lahudky/hotova-jidla">
                                                    Hotová jídla,
                                                </a>

                                                <a href="/uzeniny-a-lahudky/lahudky/hotova-testa">
                                                    Hotová těsta,
                                                </a>


                                                <a href="/uzeniny-a-lahudky/lahudky/chlazene-pastiky">
                                                    Chlazené paštiky,
                                                </a>


                                                <a href="/uzeniny-a-lahudky/lahudky/rybi-speciality">
                                                    Rybí speciality,
                                                </a>



                                        <a href="/uzeniny-a-lahudky/lahudky">...</a>
                                    </div>
                                </div>
                            </div>
                        </div>
                    </div>
                </li>
                <li class="sub with-children"
                    data-open="false">
                    <a href="/mrazene">
                        Mražené
                    </a>
                        <span class="category-toggle-sub mobile-small-nav-show"
                              onclick="this.parentNode.classList.toggle('open')">
							<i class="fa fa-angle-down" aria-hidden="true"></i>
						</span>
                    <div class="block block-droped-category">
                        <div class="block-droped-category-inner">
                            <div class="category-product-list">

                                                                <div class="product-type">
                                    <a href="/mrazene/hotova-jidla" class="product-type-image">
                                        <img data-src="https://cdn.kosik.cz/content/category/svg/menu/1084.svg" alt="Hotová jídla">
                                    </a>
                                    <h3>
                                        <a class="children" href="/mrazene/hotova-jidla">
                                            Hotová jídla
                                        </a>
                                    </h3>

                                                                        <div class="categories-container">

                                                <a href="/mrazene/hotova-jidla/hlavni-jidla">
                                                    Hlavní jídla,
                                                </a>

                                                <a href="/mrazene/hotova-jidla/bezmasa-jidla">
                                                    Bezmasá jídla,
                                                </a>

                                                <a href="/mrazene/hotova-jidla/pizza">
                                                    Pizza,
                                                </a>

                                                <a href="/mrazene/hotova-jidla/obalovana">
                                                    Obalovaná,
                                                </a>

                                                <a href="/mrazene/hotova-jidla/ostatni">
                                                    Ostatní,
                                                </a>
                                        <a href="/mrazene/hotova-jidla">...</a>
                                    </div>
                                </div>
                                <div class="product-type">
                                    <a href="/mrazene/hranolky-a-krokety" class="product-type-image">
                                        <img data-src="https://cdn.kosik.cz/content/category/svg/menu/1089.svg" alt="Hranolky a krokety">
                                    </a>
                                    <h3>
                                        <a class="children" href="/mrazene/hranolky-a-krokety">
                                            Hranolky a krokety
                                        </a>
                                    </h3>

                                                                        <div class="categories-container">

                                                <a href="/mrazene/hranolky-a-krokety/hranolky">
                                                    Hranolky,
                                                </a>

                                                <a href="/mrazene/hranolky-a-krokety/krokety">
                                                    Krokety,
                                                </a>

                                                <a href="/mrazene/hranolky-a-krokety/zeleninove-hranolky">
                                                    Zeleninové hranolky,
                                                </a>

                                                <a href="/mrazene/hranolky-a-krokety/do-trouby">
                                                    Do trouby,
                                                </a>

                                        <a href="/mrazene/hranolky-a-krokety">...</a>
                                    </div>
                                </div>
                                <div class="product-type">
                                    <a href="/mrazene/zelenina-a-ovoce" class="product-type-image">
                                        <img data-src="https://cdn.kosik.cz/content/category/svg/menu/1097.svg" alt="Zelenina a ovoce">
                                    </a>
                                    <h3>
                                        <a class="children" href="/mrazene/zelenina-a-ovoce">
                                            Zelenina a ovoce
                                        </a>
                                    </h3>

                                                                        <div class="categories-container">

                                                <a href="/mrazene/zelenina-a-ovoce/spenat">
                                                    Špenát,
                                                </a>

                                                <a href="/mrazene/zelenina-a-ovoce/zelenina-jednodruhova">
                                                    Zelenina jednodruhová,
                                                </a>

                                                <a href="/mrazene/zelenina-a-ovoce/zeleninove-smesi">
                                                    Zeleninové směsi,
                                                </a>


                                                <a href="/mrazene/zelenina-a-ovoce/ovocne-smesi">
                                                    Ovocné směsi,
                                                </a>


                                        <a href="/mrazene/zelenina-a-ovoce">...</a>
                                    </div>
                                </div>
                                <div class="product-type">
                                    <a href="/mrazene/mrazene-maso-drubez-a-ryby" class="product-type-image">
                                        <img data-src="https://cdn.kosik.cz/content/category/svg/menu/1091.svg" alt="Mražené maso, drůbež a ryby">
                                    </a>
                                    <h3>
                                        <a class="children" href="/mrazene/mrazene-maso-drubez-a-ryby">
                                            Mražené maso, drůbež a ryby
                                        </a>
                                    </h3>

                                                                        <div class="categories-container">

                                                <a href="/mrazene/mrazene-maso-drubez-a-ryby/mrazena-drubez">
                                                    Mražená drůbež,
                                                </a>

                                                <a href="/mrazene/mrazene-maso-drubez-a-ryby/mrazene-maso">
                                                    Mražené maso,
                                                </a>

                                                <a href="/mrazene/mrazene-maso-drubez-a-ryby/mrazene-ryby">
                                                    Mražené ryby,
                                                </a>

                                        <a href="/mrazene/mrazene-maso-drubez-a-ryby">...</a>
                                    </div>
                                </div>
                                <div class="product-type">
                                    <a href="/mrazene/mrazene-pecivo-a-testo" class="product-type-image">
                                        <img data-src="https://cdn.kosik.cz/content/category/svg/menu/1096.svg" alt="Mražené pečivo a těsto">
                                    </a>
                                    <h3>
                                        <a class="children" href="/mrazene/mrazene-pecivo-a-testo">
                                            Mražené pečivo a těsto
                                        </a>
                                    </h3>

                                                                        <div class="categories-container">

                                                <a href="/mrazene/mrazene-pecivo-a-testo/pecivo-slane">
                                                    Pečivo slané,
                                                </a>

                                                <a href="/mrazene/mrazene-pecivo-a-testo/pecivo-sladke">
                                                    Pečivo sladké,
                                                </a>

                                                <a href="/mrazene/mrazene-pecivo-a-testo/testa">
                                                    Těsta,
                                                </a>
                                        <a href="/mrazene/mrazene-pecivo-a-testo">...</a>
                                    </div>
                                </div>
                                <div class="product-type">
                                    <a href="/mrazene/kolace-a-dorty" class="product-type-image">
                                        <img data-src="https://cdn.kosik.cz/content/category/svg/menu/1090.svg" alt="Koláče a dorty">
                                    </a>
                                    <h3>
                                        <a class="children" href="/mrazene/kolace-a-dorty">
                                            Koláče a dorty
                                        </a>
                                    </h3>

                                                                        <div class="categories-container">

                                                <a href="/mrazene/kolace-a-dorty/tvarohove">
                                                    Tvarohové,
                                                </a>

                                                <a href="/mrazene/kolace-a-dorty/ovocne">
                                                    Ovocné,
                                                </a>

                                                <a href="/mrazene/kolace-a-dorty/cokoladove">
                                                    Čokoládové,
                                                </a>
                                        <a href="/mrazene/kolace-a-dorty">...</a>
                                    </div>
                                </div>
                                <div class="product-type">
                                    <a href="/mrazene/zmrzliny" class="product-type-image">
                                        <img data-src="https://cdn.kosik.cz/content/category/svg/menu/1102.svg" alt="Zmrzliny">
                                    </a>
                                    <h3>
                                        <a class="children" href="/mrazene/zmrzliny">
                                            Zmrzliny
                                        </a>
                                    </h3>

                                                                        <div class="categories-container">

                                                <a href="/mrazene/zmrzliny/nanuky-a-kornouty">
                                                    Nanuky a kornouty,
                                                </a>

                                                <a href="/mrazene/zmrzliny/vanicky">
                                                    Vaničky,
                                                </a>

                                                <a href="/mrazene/zmrzliny/sorbet">
                                                    Sorbet,
                                                </a>
                                        <a href="/mrazene/zmrzliny">...</a>
                                    </div>
                                </div>
                            </div>
                        </div>
                    </div>
                </li>
                <li class="sub with-children"
                    data-open="false">
                    <a href="/napoje">
                        Nápoje
                    </a>
                        <span class="category-toggle-sub mobile-small-nav-show"
                              onclick="this.parentNode.classList.toggle('open')">
							<i class="fa fa-angle-down" aria-hidden="true"></i>
						</span>
                    <div class="block block-droped-category">
                        <div class="block-droped-category-inner">
                            <div class="category-product-list">

                                                                <div class="product-type">
                                    <a href="/napoje/poctive-piti" class="product-type-image">
                                        <img data-src="https://cdn.kosik.cz/content/category/svg/menu/1929.svg" alt="Poctivé pití">
                                    </a>
                                    <h3>
                                        <a class="children" href="/napoje/poctive-piti">
                                            Poctivé pití
                                        </a>
                                    </h3>

                                                                        <div class="categories-container">

                                                <a href="/napoje/poctive-piti/pivo-a-cider">
                                                    Pivo a cider,
                                                </a>

                                                <a href="/napoje/poctive-piti/limonady">
                                                    Limonády,
                                                </a>

                                                <a href="/napoje/poctive-piti/sirupy">
                                                    Sirupy,
                                                </a>

                                                <a href="/napoje/poctive-piti/mosty">
                                                    Mošty,
                                                </a>

                                                <a href="/napoje/poctive-piti/darkova-baleni">
                                                    Dárková balení,
                                                </a>
                                        <a href="/napoje/poctive-piti">...</a>
                                    </div>
                                </div>
                                <div class="product-type">
                                    <a href="/napoje/mineralni-a-pramenite" class="product-type-image">
                                        <img data-src="https://cdn.kosik.cz/content/category/svg/menu/1180.svg" alt="Minerální a pramenité">
                                    </a>
                                    <h3>
                                        <a class="children" href="/napoje/mineralni-a-pramenite">
                                            Minerální a pramenité
                                        </a>
                                    </h3>

                                                                        <div class="categories-container">

                                                <a href="/napoje/mineralni-a-pramenite/mineralni">
                                                    Minerální,
                                                </a>

                                                <a href="/napoje/mineralni-a-pramenite/pramenite">
                                                    Pramenité,
                                                </a>
                                        <a href="/napoje/mineralni-a-pramenite">...</a>
                                    </div>
                                </div>
                                <div class="product-type">
                                    <a href="/napoje/dzusy-a-detske" class="product-type-image">
                                        <img data-src="https://cdn.kosik.cz/content/category/svg/menu/1152.svg" alt="Džusy a dětské">
                                    </a>
                                    <h3>
                                        <a class="children" href="/napoje/dzusy-a-detske">
                                            Džusy a dětské
                                        </a>
                                    </h3>

                                                                        <div class="categories-container">

                                                <a href="/napoje/dzusy-a-detske/100-dzusy">
                                                    100% džusy,
                                                </a>

                                                <a href="/napoje/dzusy-a-detske/cerstve-dzusy">
                                                    Čerstvé džusy,
                                                </a>

                                                <a href="/napoje/dzusy-a-detske/mosty-a-100-stavy">
                                                    Mošty a 100% šťávy,
                                                </a>

                                                <a href="/napoje/dzusy-a-detske/nektary">
                                                    Nektary,
                                                </a>


                                        <a href="/napoje/dzusy-a-detske">...</a>
                                    </div>
                                </div>
                                <div class="product-type">
                                    <a href="/napoje/limonady-a-ledove-caje" class="product-type-image">
                                        <img data-src="https://cdn.kosik.cz/content/category/svg/menu/1171.svg" alt="Limonády a ledové čaje">
                                    </a>
                                    <h3>
                                        <a class="children" href="/napoje/limonady-a-ledove-caje">
                                            Limonády a ledové čaje
                                        </a>
                                    </h3>

                                                                        <div class="categories-container">

                                                <a href="/napoje/limonady-a-ledove-caje/limonady">
                                                    Limonády,
                                                </a>

                                                <a href="/napoje/limonady-a-ledove-caje/ledove-caje">
                                                    Ledové čaje,
                                                </a>
                                        <a href="/napoje/limonady-a-ledove-caje">...</a>
                                    </div>
                                </div>
                                <div class="product-type">
                                    <a href="/napoje/sirupy-a-koncentraty" class="product-type-image">
                                        <img data-src="https://cdn.kosik.cz/content/category/svg/menu/1207.svg" alt="Sirupy a koncentráty">
                                    </a>
                                    <h3>
                                        <a class="children" href="/napoje/sirupy-a-koncentraty">
                                            Sirupy a koncentráty
                                        </a>
                                    </h3>

                                                                        <div class="categories-container">

                                                <a href="/napoje/sirupy-a-koncentraty/sirupy">
                                                    Sirupy,
                                                </a>

                                                <a href="/napoje/sirupy-a-koncentraty/koncentraty">
                                                    Koncentráty,
                                                </a>

                                                <a href="/napoje/sirupy-a-koncentraty/barmanske-sirupy">
                                                    Barmanské sirupy,
                                                </a>
                                        <a href="/napoje/sirupy-a-koncentraty">...</a>
                                    </div>
                                </div>
                                <div class="product-type">
                                    <a href="/napoje/energy-drinky-iontove" class="product-type-image">
                                        <img data-src="https://cdn.kosik.cz/content/category/svg/menu/1159.svg" alt="Energy drinky, iontové">
                                    </a>
                                    <h3>
                                        <a class="children" href="/napoje/energy-drinky-iontove">
                                            Energy drinky, iontové
                                        </a>
                                    </h3>

                                                                    </div>
                                <div class="product-type">
                                    <a href="/napoje/caj-kava-a-ledova-kava" class="product-type-image">
                                        <img data-src="https://cdn.kosik.cz/content/category/svg/menu/1132.svg" alt="Čaj, káva a ledová káva">
                                    </a>
                                    <h3>
                                        <a class="children" href="/napoje/caj-kava-a-ledova-kava">
                                            Čaj, káva a ledová káva
                                        </a>
                                    </h3>

                                                                        <div class="categories-container">

                                                <a href="/napoje/caj-kava-a-ledova-kava/caj">
                                                    Čaj,
                                                </a>

                                                <a href="/napoje/caj-kava-a-ledova-kava/kava">
                                                    Káva,
                                                </a>

                                                <a href="/napoje/caj-kava-a-ledova-kava/ledova-kava">
                                                    Ledová káva,
                                                </a>
                                        <a href="/napoje/caj-kava-a-ledova-kava">...</a>
                                    </div>
                                </div>
                                <div class="product-type">
                                    <a href="/napoje/kakaa-cokolady-a-rozpustne" class="product-type-image">
                                        <img data-src="https://cdn.kosik.cz/content/category/svg/menu/1162.svg" alt="Kakaa, čokolády a rozpustné">
                                    </a>
                                    <h3>
                                        <a class="children" href="/napoje/kakaa-cokolady-a-rozpustne">
                                            Kakaa, čokolády a rozpustné
                                        </a>
                                    </h3>

                                                                        <div class="categories-container">


                                                <a href="/napoje/kakaa-cokolady-a-rozpustne/instantni-napoje">
                                                    Instantní nápoje,
                                                </a>

                                                <a href="/napoje/kakaa-cokolady-a-rozpustne/rozpustne-kavoviny">
                                                    Rozpustné kávoviny,
                                                </a>
                                        <a href="/napoje/kakaa-cokolady-a-rozpustne">...</a>
                                    </div>
                                </div>
                                <div class="product-type">
                                    <a href="/napoje/pivo" class="product-type-image">
                                        <img data-src="https://cdn.kosik.cz/content/category/svg/menu/1188.svg" alt="Pivo">
                                    </a>
                                    <h3>
                                        <a class="children" href="/napoje/pivo">
                                            Pivo
                                        </a>
                                    </h3>

                                                                        <div class="categories-container">

                                                <a href="/napoje/pivo/vycepni">
                                                    Výčepní,
                                                </a>

                                                <a href="/napoje/pivo/lezak">
                                                    Ležák,
                                                </a>

                                                <a href="/napoje/pivo/nealko">
                                                    Nealko,
                                                </a>

                                                <a href="/napoje/pivo/ale">
                                                    Ale,
                                                </a>

                                                <a href="/napoje/pivo/ochucene">
                                                    Ochucené,
                                                </a>

                                                <a href="/napoje/pivo/cider">
                                                    Cider,
                                                </a>

                                                <a href="/napoje/pivo/tmave">
                                                    Tmavé,
                                                </a>

                                                <a href="/napoje/pivo/psenicne">
                                                    Pšeničné,
                                                </a>



                                                <a href="/napoje/pivo/sudove">
                                                    Sudové,
                                                </a>


                                        <a href="/napoje/pivo">...</a>
                                    </div>
                                </div>
                                <div class="product-type">
                                    <a href="/napoje/vina" class="product-type-image">
                                        <img data-src="https://cdn.kosik.cz/content/category/svg/menu/1119.svg" alt="Vína">
                                    </a>
                                    <h3>
                                        <a class="children" href="/napoje/vina">
                                            Vína
                                        </a>
                                    </h3>

                                                                        <div class="categories-container">

                                                <a href="/napoje/vina/bila">
                                                    Bílá,
                                                </a>

                                                <a href="/napoje/vina/cervena">
                                                    Červená,
                                                </a>

                                                <a href="/napoje/vina/ruzova">
                                                    Řůžová,
                                                </a>

                                                <a href="/napoje/vina/sumiva-a-sampanske">
                                                    Šumivá a šampaňské,
                                                </a>
                                        <a href="/napoje/vina">...</a>
                                    </div>
                                </div>
                                <div class="product-type">
                                    <a href="/napoje/lihoviny" class="product-type-image">
                                        <img data-src="https://cdn.kosik.cz/content/category/svg/menu/1108.svg" alt="Lihoviny">
                                    </a>
                                    <h3>
                                        <a class="children" href="/napoje/lihoviny">
                                            Lihoviny
                                        </a>
                                    </h3>

                                                                        <div class="categories-container">

                                                <a href="/napoje/lihoviny/aperitivy">
                                                    Aperitivy,
                                                </a>

                                                <a href="/napoje/lihoviny/brandy-a-konak">
                                                    Brandy a koňak,
                                                </a>

                                                <a href="/napoje/lihoviny/gin-a-absinth">
                                                    Gin a absinth,
                                                </a>

                                                <a href="/napoje/lihoviny/rum">
                                                    Rum,
                                                </a>

                                                <a href="/napoje/lihoviny/vodka">
                                                    Vodka,
                                                </a>

                                                <a href="/napoje/lihoviny/whisky-a-bourbon">
                                                    Whisky a bourbon,
                                                </a>



                                        <a href="/napoje/lihoviny">...</a>
                                    </div>
                                </div>
                            </div>
                        </div>
                    </div>
                </li>
                <li class="sub with-children"
                    data-open="false">
                    <a href="/trvanlive">
                        Trvanlivé
                    </a>
                        <span class="category-toggle-sub mobile-small-nav-show"
                              onclick="this.parentNode.classList.toggle('open')">
							<i class="fa fa-angle-down" aria-hidden="true"></i>
						</span>
                    <div class="block block-droped-category">
                        <div class="block-droped-category-inner">
                            <div class="category-product-list">

                                                                <div class="product-type">
                                    <a href="/trvanlive/ocet-olej-cukr-sul-a-mouka" class="product-type-image">
                                        <img data-src="https://cdn.kosik.cz/content/category/svg/menu/1270.svg" alt="Ocet, olej, cukr, sůl a mouka">
                                    </a>
                                    <h3>
                                        <a class="children" href="/trvanlive/ocet-olej-cukr-sul-a-mouka">
                                            Ocet, olej, cukr, sůl a mouka
                                        </a>
                                    </h3>

                                                                        <div class="categories-container">

                                                <a href="/trvanlive/ocet-olej-cukr-sul-a-mouka/mouka">
                                                    Mouka,
                                                </a>

                                                <a href="/trvanlive/ocet-olej-cukr-sul-a-mouka/ocet">
                                                    Ocet,
                                                </a>

                                                <a href="/trvanlive/ocet-olej-cukr-sul-a-mouka/olej">
                                                    Olej,
                                                </a>

                                                <a href="/trvanlive/ocet-olej-cukr-sul-a-mouka/cukr">
                                                    Cukr,
                                                </a>

                                                <a href="/trvanlive/ocet-olej-cukr-sul-a-mouka/sul">
                                                    Sůl,
                                                </a>
                                        <a href="/trvanlive/ocet-olej-cukr-sul-a-mouka">...</a>
                                    </div>
                                </div>
                                <div class="product-type">
                                    <a href="/trvanlive/sladkosti" class="product-type-image">
                                        <img data-src="https://cdn.kosik.cz/content/category/svg/menu/1326.svg" alt="Sladkosti">
                                    </a>
                                    <h3>
                                        <a class="children" href="/trvanlive/sladkosti">
                                            Sladkosti
                                        </a>
                                    </h3>

                                                                        <div class="categories-container">

                                                <a href="/trvanlive/sladkosti/tabulkove-cokolady">
                                                    Tabulkové čokolády,
                                                </a>

                                                <a href="/trvanlive/sladkosti/cokoladove-tycinky">
                                                    Čokoládové tyčinky,
                                                </a>

                                                <a href="/trvanlive/sladkosti/bonboniery">
                                                    Bonboniéry,
                                                </a>




                                        <a href="/trvanlive/sladkosti">...</a>
                                    </div>
                                </div>
                                <div class="product-type">
                                    <a href="/trvanlive/ryze-lusteniny-testoviny-a-soja" class="product-type-image">
                                        <img data-src="https://cdn.kosik.cz/content/category/svg/menu/1295.svg" alt="Rýže, luštěniny, těstoviny a sója">
                                    </a>
                                    <h3>
                                        <a class="children" href="/trvanlive/ryze-lusteniny-testoviny-a-soja">
                                            Rýže, luštěniny, těstoviny a sója
                                        </a>
                                    </h3>

                                                                        <div class="categories-container">

                                                <a href="/trvanlive/ryze-lusteniny-testoviny-a-soja/ryze">
                                                    Rýže,
                                                </a>

                                                <a href="/trvanlive/ryze-lusteniny-testoviny-a-soja/lusteniny">
                                                    Luštěniny,
                                                </a>

                                                <a href="/trvanlive/ryze-lusteniny-testoviny-a-soja/testoviny">
                                                    Těstoviny,
                                                </a>
                                        <a href="/trvanlive/ryze-lusteniny-testoviny-a-soja">...</a>
                                    </div>
                                </div>
                                <div class="product-type">
                                    <a href="/trvanlive/slane" class="product-type-image">
                                        <img data-src="https://cdn.kosik.cz/content/category/svg/menu/1319.svg" alt="Slané">
                                    </a>
                                    <h3>
                                        <a class="children" href="/trvanlive/slane">
                                            Slané
                                        </a>
                                    </h3>

                                                                        <div class="categories-container">

                                                <a href="/trvanlive/slane/chipsy">
                                                    Chipsy,
                                                </a>

                                                <a href="/trvanlive/slane/krekry">
                                                    Krekry,
                                                </a>

                                                <a href="/trvanlive/slane/orisky-a-popcorn">
                                                    Oříšky a popcorn,
                                                </a>

                                                <a href="/trvanlive/slane/snacky">
                                                    Snacky,
                                                </a>
                                        <a href="/trvanlive/slane">...</a>
                                    </div>
                                </div>
                                <div class="product-type">
                                    <a href="/trvanlive/kecupy-horcice-kreny-a-protlaky" class="product-type-image">
                                        <img data-src="https://cdn.kosik.cz/content/category/svg/menu/1233.svg" alt="Kečupy, hořčice, křeny a protlaky">
                                    </a>
                                    <h3>
                                        <a class="children" href="/trvanlive/kecupy-horcice-kreny-a-protlaky">
                                            Kečupy, hořčice, křeny a protlaky
                                        </a>
                                    </h3>

                                                                        <div class="categories-container">

                                                <a href="/trvanlive/kecupy-horcice-kreny-a-protlaky/kecupy">
                                                    Kečupy,
                                                </a>

                                                <a href="/trvanlive/kecupy-horcice-kreny-a-protlaky/horcice">
                                                    Hořčice,
                                                </a>

                                                <a href="/trvanlive/kecupy-horcice-kreny-a-protlaky/kreny">
                                                    Křeny,
                                                </a>

                                                <a href="/trvanlive/kecupy-horcice-kreny-a-protlaky/protlaky">
                                                    Protlaky,
                                                </a>
                                        <a href="/trvanlive/kecupy-horcice-kreny-a-protlaky">...</a>
                                    </div>
                                </div>
                                <div class="product-type">
                                    <a href="/trvanlive/konzervovane-potraviny" class="product-type-image">
                                        <img data-src="https://cdn.kosik.cz/content/category/svg/menu/1238.svg" alt="Konzervované potraviny">
                                    </a>
                                    <h3>
                                        <a class="children" href="/trvanlive/konzervovane-potraviny">
                                            Konzervované potraviny
                                        </a>
                                    </h3>

                                                                        <div class="categories-container">

                                                <a href="/trvanlive/konzervovane-potraviny/zelenina">
                                                    Zelenina,
                                                </a>

                                                <a href="/trvanlive/konzervovane-potraviny/ovoce">
                                                    Ovoce,
                                                </a>

                                                <a href="/trvanlive/konzervovane-potraviny/maso-a-hotova-jidla">
                                                    Maso a hotová jídla,
                                                </a>

                                                <a href="/trvanlive/konzervovane-potraviny/pastiky">
                                                    Paštiky,
                                                </a>

                                                <a href="/trvanlive/konzervovane-potraviny/pomazanky">
                                                    Pomazánky,
                                                </a>

                                                <a href="/trvanlive/konzervovane-potraviny/ryby">
                                                    Ryby,
                                                </a>
                                        <a href="/trvanlive/konzervovane-potraviny">...</a>
                                    </div>
                                </div>
                                <div class="product-type">
                                    <a href="/trvanlive/mikulas-a-vanoce" class="product-type-image">
                                        <img data-src="https://cdn.kosik.cz/content/category/svg/menu/1318.svg" alt="Mikuláš a Vánoce">
                                    </a>
                                    <h3>
                                        <a class="children" href="/trvanlive/mikulas-a-vanoce">
                                            Mikuláš a Vánoce
                                        </a>
                                    </h3>

                                                                        <div class="categories-container">

                                                <a href="/trvanlive/mikulas-a-vanoce/vanocni-kolekce">
                                                    Vánoční kolekce,
                                                </a>

                                                <a href="/trvanlive/mikulas-a-vanoce/adventni-kalendare">
                                                    Adventní kalendáře,
                                                </a>

                                                <a href="/trvanlive/mikulas-a-vanoce/bonbony-a-cokolady">
                                                    Bonbóny a čokolády,
                                                </a>

                                        <a href="/trvanlive/mikulas-a-vanoce">...</a>
                                    </div>
                                </div>
                                <div class="product-type">
                                    <a href="/trvanlive/koreni-bujony-ochucovadla" class="product-type-image">
                                        <img data-src="https://cdn.kosik.cz/content/category/svg/menu/1266.svg" alt="Koření, bujóny, ochucovadla">
                                    </a>
                                    <h3>
                                        <a class="children" href="/trvanlive/koreni-bujony-ochucovadla">
                                            Koření, bujóny, ochucovadla
                                        </a>
                                    </h3>

                                                                        <div class="categories-container">

                                                <a href="/trvanlive/koreni-bujony-ochucovadla/koreni">
                                                    Koření,
                                                </a>

                                                <a href="/trvanlive/koreni-bujony-ochucovadla/bujony">
                                                    Bujóny,
                                                </a>

                                                <a href="/trvanlive/koreni-bujony-ochucovadla/ochucovadla">
                                                    Ochucovadla,
                                                </a>
                                        <a href="/trvanlive/koreni-bujony-ochucovadla">...</a>
                                    </div>
                                </div>
                                <div class="product-type">
                                    <a href="/trvanlive/prisady-na-vareni-a-peceni" class="product-type-image">
                                        <img data-src="https://cdn.kosik.cz/content/category/svg/menu/1280.svg" alt="Přísady na vaření a pečení">
                                    </a>
                                    <h3>
                                        <a class="children" href="/trvanlive/prisady-na-vareni-a-peceni">
                                            Přísady na vaření a pečení
                                        </a>
                                    </h3>

                                                                        <div class="categories-container">

                                                <a href="/trvanlive/prisady-na-vareni-a-peceni/prisady-na-peceni">
                                                    Přísady na pečení,
                                                </a>

                                                <a href="/trvanlive/prisady-na-vareni-a-peceni/omacky-v-prasku">
                                                    Omáčky v prášku,
                                                </a>

                                                <a href="/trvanlive/prisady-na-vareni-a-peceni/sladke-smesi">
                                                    Sladké směsi,
                                                </a>

                                                <a href="/trvanlive/prisady-na-vareni-a-peceni/pudinky">
                                                    Pudinky,
                                                </a>




                                        <a href="/trvanlive/prisady-na-vareni-a-peceni">...</a>
                                    </div>
                                </div>
                                <div class="product-type">
                                    <a href="/trvanlive/superfood" class="product-type-image">
                                        <img data-src="https://cdn.kosik.cz/content/category/svg/menu/1313.svg" alt="Superfood">
                                    </a>
                                    <h3>
                                        <a class="children" href="/trvanlive/superfood">
                                            Superfood
                                        </a>
                                    </h3>

                                                                        <div class="categories-container">

                                                <a href="/trvanlive/superfood/snidanove-smesi">
                                                    Snídaňové směsi,
                                                </a>


                                        <a href="/trvanlive/superfood">...</a>
                                    </div>
                                </div>
                                <div class="product-type">
                                    <a href="/trvanlive/dresingy-a-omacky" class="product-type-image">
                                        <img data-src="https://cdn.kosik.cz/content/category/svg/menu/1222.svg" alt="Dresingy a omáčky">
                                    </a>
                                    <h3>
                                        <a class="children" href="/trvanlive/dresingy-a-omacky">
                                            Dresingy a omáčky
                                        </a>
                                    </h3>

                                                                        <div class="categories-container">

                                                <a href="/trvanlive/dresingy-a-omacky/dresingy">
                                                    Dresingy,
                                                </a>

                                                <a href="/trvanlive/dresingy-a-omacky/omacky">
                                                    Omáčky,
                                                </a>
                                        <a href="/trvanlive/dresingy-a-omacky">...</a>
                                    </div>
                                </div>
                                <div class="product-type">
                                    <a href="/trvanlive/cerealie-a-musli" class="product-type-image">
                                        <img data-src="https://cdn.kosik.cz/content/category/svg/menu/1212.svg" alt="Cereálie a musli">
                                    </a>
                                    <h3>
                                        <a class="children" href="/trvanlive/cerealie-a-musli">
                                            Cereálie a musli
                                        </a>
                                    </h3>

                                                                        <div class="categories-container">


                                                <a href="/trvanlive/cerealie-a-musli/musli-a-ovesne-kase">
                                                    Musli a ovesné kaše,
                                                </a>

                                                <a href="/trvanlive/cerealie-a-musli/tycinky">
                                                    Tyčinky,
                                                </a>
                                        <a href="/trvanlive/cerealie-a-musli">...</a>
                                    </div>
                                </div>
                                <div class="product-type">
                                    <a href="/trvanlive/dzemy-medy-a-cokokremy" class="product-type-image">
                                        <img data-src="https://cdn.kosik.cz/content/category/svg/menu/1225.svg" alt="Džemy, medy a čokokrémy">
                                    </a>
                                    <h3>
                                        <a class="children" href="/trvanlive/dzemy-medy-a-cokokremy">
                                            Džemy, medy a čokokrémy
                                        </a>
                                    </h3>

                                                                        <div class="categories-container">

                                                <a href="/trvanlive/dzemy-medy-a-cokokremy/dzemy">
                                                    Džemy,
                                                </a>

                                                <a href="/trvanlive/dzemy-medy-a-cokokremy/medy">
                                                    Medy,
                                                </a>

                                                <a href="/trvanlive/dzemy-medy-a-cokokremy/cokokremy">
                                                    Čokokrémy,
                                                </a>

                                                <a href="/trvanlive/dzemy-medy-a-cokokremy/burakove-maslo">
                                                    Burákové máslo,
                                                </a>
                                        <a href="/trvanlive/dzemy-medy-a-cokokremy">...</a>
                                    </div>
                                </div>
                                <div class="product-type">
                                    <a href="/trvanlive/instantni-jidla-a-polevky" class="product-type-image">
                                        <img data-src="https://cdn.kosik.cz/content/category/svg/menu/1230.svg" alt="Instantní jídla a polévky">
                                    </a>
                                    <h3>
                                        <a class="children" href="/trvanlive/instantni-jidla-a-polevky">
                                            Instantní jídla a polévky
                                        </a>
                                    </h3>

                                                                        <div class="categories-container">

                                                <a href="/trvanlive/instantni-jidla-a-polevky/instantni-jidla">
                                                    Instantní jídla,
                                                </a>

                                                <a href="/trvanlive/instantni-jidla-a-polevky/instantni-polevky">
                                                    Instantní polévky,
                                                </a>
                                        <a href="/trvanlive/instantni-jidla-a-polevky">...</a>
                                    </div>
                                </div>
                                <div class="product-type">
                                    <a href="/trvanlive/mezinarodni-kuchyne" class="product-type-image">
                                        <img data-src="https://cdn.kosik.cz/content/category/svg/menu/1261.svg" alt="Mezinárodní kuchyně">
                                    </a>
                                    <h3>
                                        <a class="children" href="/trvanlive/mezinarodni-kuchyne">
                                            Mezinárodní kuchyně
                                        </a>
                                    </h3>

                                                                        <div class="categories-container">

                                                <a href="/trvanlive/mezinarodni-kuchyne/asijska">
                                                    Asijská,
                                                </a>

                                                <a href="/trvanlive/mezinarodni-kuchyne/mexicka">
                                                    Mexická,
                                                </a>

                                                <a href="/trvanlive/mezinarodni-kuchyne/stredomorska">
                                                    Středomořská,
                                                </a>

                                                <a href="/trvanlive/mezinarodni-kuchyne/thajska">
                                                    Thajská,
                                                </a>
                                        <a href="/trvanlive/mezinarodni-kuchyne">...</a>
                                    </div>
                                </div>
                            </div>
                        </div>
                    </div>
                </li>
                <li class="sub with-children"
                    data-open="false">
                    <a href="/mazlicci">
                        Mazlíčci
                    </a>
                        <span class="category-toggle-sub mobile-small-nav-show"
                              onclick="this.parentNode.classList.toggle('open')">
							<i class="fa fa-angle-down" aria-hidden="true"></i>
						</span>
                    <div class="block block-droped-category">
                        <div class="block-droped-category-inner">
                            <div class="category-product-list">

                                                                <div class="product-type">
                                    <a href="/mazlicci/kocky" class="product-type-image">
                                        <img data-src="https://cdn.kosik.cz/content/category/svg/menu/1579.svg" alt="Kočky">
                                    </a>
                                    <h3>
                                        <a class="children" href="/mazlicci/kocky">
                                            Kočky
                                        </a>
                                    </h3>

                                                                        <div class="categories-container">


                                                <a href="/mazlicci/kocky/konzervy-pro-kocky">
                                                    Konzervy pro kočky,
                                                </a>

                                                <a href="/mazlicci/kocky/kapsicky-pro-kocky">
                                                    Kapsičky pro kočky,
                                                </a>


                                                <a href="/mazlicci/kocky/hracky-pro-kocky">
                                                    Hračky pro kočky,
                                                </a>

                                                <a href="/mazlicci/kocky/steliva">
                                                    Steliva,
                                                </a>
                                        <a href="/mazlicci/kocky">...</a>
                                    </div>
                                </div>
                                <div class="product-type">
                                    <a href="/mazlicci/psi" class="product-type-image">
                                        <img data-src="https://cdn.kosik.cz/content/category/svg/menu/1580.svg" alt="Psi">
                                    </a>
                                    <h3>
                                        <a class="children" href="/mazlicci/psi">
                                            Psi
                                        </a>
                                    </h3>

                                                                        <div class="categories-container">

                                                <a href="/mazlicci/psi/granule-a-smesi-pro-psy">
                                                    Granule a směsi pro psy,
                                                </a>

                                                <a href="/mazlicci/psi/konzervy-pro-psy">
                                                    Konzervy pro psy,
                                                </a>


                                                <a href="/mazlicci/psi/hracky-a-pleny-pro-psy">
                                                    Hračky a pleny pro psy,
                                                </a>

                                        <a href="/mazlicci/psi">...</a>
                                    </div>
                                </div>
                                <div class="product-type">
                                    <a href="/mazlicci/hlodavci" class="product-type-image">
                                        <img data-src="https://cdn.kosik.cz/content/category/svg/menu/1364.svg" alt="Hlodavci">
                                    </a>
                                    <h3>
                                        <a class="children" href="/mazlicci/hlodavci">
                                            Hlodavci
                                        </a>
                                    </h3>

                                                                        <div class="categories-container">

                                                <a href="/mazlicci/hlodavci/krmiva">
                                                    Krmiva,
                                                </a>

                                                <a href="/mazlicci/hlodavci/steliva">
                                                    Steliva,
                                                </a>
                                        <a href="/mazlicci/hlodavci">...</a>
                                    </div>
                                </div>
                                <div class="product-type">
                                    <a href="/mazlicci/ptactvo" class="product-type-image">
                                        <img data-src="https://cdn.kosik.cz/content/category/svg/menu/1367.svg" alt="Ptactvo">
                                    </a>
                                    <h3>
                                        <a class="children" href="/mazlicci/ptactvo">
                                            Ptactvo
                                        </a>
                                    </h3>

                                                                    </div>
                            </div>
                        </div>
                    </div>
                </li>
                <li class="sub with-children"
                    data-open="false">
                    <a href="/deti">
                        Děti
                    </a>
                        <span class="category-toggle-sub mobile-small-nav-show"
                              onclick="this.parentNode.classList.toggle('open')">
							<i class="fa fa-angle-down" aria-hidden="true"></i>
						</span>
                    <div class="block block-droped-category">
                        <div class="block-droped-category-inner">
                            <div class="category-product-list">

                                                                <div class="product-type">
                                    <a href="/deti/detska-kosmetika" class="product-type-image">
                                        <img data-src="https://cdn.kosik.cz/content/category/svg/menu/1370.svg" alt="Dětská kosmetika">
                                    </a>
                                    <h3>
                                        <a class="children" href="/deti/detska-kosmetika">
                                            Dětská kosmetika
                                        </a>
                                    </h3>

                                                                        <div class="categories-container">


                                                <a href="/deti/detska-kosmetika/detske-kremy-a-oleje">
                                                    Dětské krémy a oleje,
                                                </a>


                                                <a href="/deti/detska-kosmetika/zubni-hygiena">
                                                    Zubní hygiena,
                                                </a>
                                        <a href="/deti/detska-kosmetika">...</a>
                                    </div>
                                </div>
                                <div class="product-type">
                                    <a href="/deti/jednorazove-pleny" class="product-type-image">
                                        <img data-src="https://cdn.kosik.cz/content/category/svg/menu/1592.svg" alt="Jednorázové pleny">
                                    </a>
                                    <h3>
                                        <a class="children" href="/deti/jednorazove-pleny">
                                            Jednorázové pleny
                                        </a>
                                    </h3>

                                                                        <div class="categories-container">

                                                <a href="/deti/jednorazove-pleny/velikost-1">
                                                    Velikost 1,
                                                </a>

                                                <a href="/deti/jednorazove-pleny/velikost-2">
                                                    Velikost 2,
                                                </a>

                                                <a href="/deti/jednorazove-pleny/velikost-3">
                                                    Velikost 3,
                                                </a>

                                                <a href="/deti/jednorazove-pleny/velikost-4">
                                                    Velikost 4,
                                                </a>

                                                <a href="/deti/jednorazove-pleny/velikost-5">
                                                    Velikost 5,
                                                </a>

                                                <a href="/deti/jednorazove-pleny/velikost-6">
                                                    Velikost 6,
                                                </a>
                                        <a href="/deti/jednorazove-pleny">...</a>
                                    </div>
                                </div>
                                <div class="product-type">
                                    <a href="/deti/eko" class="product-type-image">
                                        <img data-src="https://cdn.kosik.cz/content/category/svg/menu/1599.svg" alt="Eko">
                                    </a>
                                    <h3>
                                        <a class="children" href="/deti/eko">
                                            Eko
                                        </a>
                                    </h3>

                                                                        <div class="categories-container">

                                                <a href="/deti/eko/bio-pleny">
                                                    bio pleny,
                                                </a>
                                        <a href="/deti/eko">...</a>
                                    </div>
                                </div>
                                <div class="product-type">
                                    <a href="/deti/latkove-pleny" class="product-type-image">
                                        <img data-src="https://cdn.kosik.cz/content/category/svg/menu/1607.svg" alt="Látkové pleny">
                                    </a>
                                    <h3>
                                        <a class="children" href="/deti/latkove-pleny">
                                            Látkové pleny
                                        </a>
                                    </h3>

                                                                    </div>
                                <div class="product-type">
                                    <a href="/deti/prebalovaci-podlozky-a-vlhcene-ubrousky" class="product-type-image">
                                        <img data-src="https://cdn.kosik.cz/content/category/svg/menu/1608.svg" alt="Přebalovací podložky a vlhčené ubrousky">
                                    </a>
                                    <h3>
                                        <a class="children" href="/deti/prebalovaci-podlozky-a-vlhcene-ubrousky">
                                            Přebalovací podložky a vlhčené ubrousky
                                        </a>
                                    </h3>

                                                                    </div>
                                <div class="product-type">
                                    <a href="/deti/kojenecke-mleko-a-vyziva" class="product-type-image">
                                        <img data-src="https://cdn.kosik.cz/content/category/svg/menu/1609.svg" alt="Kojenecké mléko a výživa">
                                    </a>
                                    <h3>
                                        <a class="children" href="/deti/kojenecke-mleko-a-vyziva">
                                            Kojenecké mléko a výživa
                                        </a>
                                    </h3>

                                                                        <div class="categories-container">

                                                <a href="/deti/kojenecke-mleko-a-vyziva/bio-vyziva">
                                                    BIO výživa,
                                                </a>

                                                <a href="/deti/kojenecke-mleko-a-vyziva/kojenecka-mleka">
                                                    Kojenecká mléka,
                                                </a>

                                                <a href="/deti/kojenecke-mleko-a-vyziva/detske-kase">
                                                    Dětské kaše,
                                                </a>

                                                <a href="/deti/kojenecke-mleko-a-vyziva/kojenecke-prikrmy">
                                                    Kojenecké příkrmy,
                                                </a>

                                        <a href="/deti/kojenecke-mleko-a-vyziva">...</a>
                                    </div>
                                </div>
                                <div class="product-type">
                                    <a href="/deti/kojenecke-vody-a-napoje" class="product-type-image">
                                        <img data-src="https://cdn.kosik.cz/content/category/svg/menu/1619.svg" alt="Kojenecké vody a nápoje">
                                    </a>
                                    <h3>
                                        <a class="children" href="/deti/kojenecke-vody-a-napoje">
                                            Kojenecké vody a nápoje
                                        </a>
                                    </h3>

                                                                        <div class="categories-container">

                                                <a href="/deti/kojenecke-vody-a-napoje/vody">
                                                    Vody,
                                                </a>

                                                <a href="/deti/kojenecke-vody-a-napoje/caje">
                                                    Čaje,
                                                </a>

                                                <a href="/deti/kojenecke-vody-a-napoje/stavy">
                                                    Šťávy,
                                                </a>
                                        <a href="/deti/kojenecke-vody-a-napoje">...</a>
                                    </div>
                                </div>
                                <div class="product-type">
                                    <a href="/deti/hracky" class="product-type-image">
                                        <img data-src="https://cdn.kosik.cz/content/category/svg/menu/1373.svg" alt="Hračky">
                                    </a>
                                    <h3>
                                        <a class="children" href="/deti/hracky">
                                            Hračky
                                        </a>
                                    </h3>

                                                                        <div class="categories-container">

                                                <a href="/deti/hracky/hracky-pro-nejmensi">
                                                    Hračky pro nejmenší,
                                                </a>

                                        <a href="/deti/hracky">...</a>
                                    </div>
                                </div>
                                <div class="product-type">
                                    <a href="/deti/hry" class="product-type-image">
                                        <img data-src="https://cdn.kosik.cz/content/category/svg/menu/1376.svg" alt="Hry">
                                    </a>
                                    <h3>
                                        <a class="children" href="/deti/hry">
                                            Hry
                                        </a>
                                    </h3>

                                                                    </div>
                                <div class="product-type">
                                    <a href="/deti/kojenecke-potreby" class="product-type-image">
                                        <img data-src="https://cdn.kosik.cz/content/category/svg/menu/1377.svg" alt="Kojenecké potřeby">
                                    </a>
                                    <h3>
                                        <a class="children" href="/deti/kojenecke-potreby">
                                            Kojenecké potřeby
                                        </a>
                                    </h3>

                                                                        <div class="categories-container">

                                                <a href="/deti/kojenecke-potreby/lahve-a-dudliky">
                                                    Láhve a dudlíky,
                                                </a>

                                                <a href="/deti/kojenecke-potreby/potreby-na-kocarek">
                                                    Potřeby na kočárek,
                                                </a>

                                                <a href="/deti/kojenecke-potreby/osusky-a-bryndacky">
                                                    Osušky a bryndáčky,
                                                </a>

                                        <a href="/deti/kojenecke-potreby">...</a>
                                    </div>
                                </div>
                                <div class="product-type">
                                    <a href="/deti/tehotenstvi-kojeni" class="product-type-image">
                                        <img data-src="https://cdn.kosik.cz/content/category/svg/menu/1382.svg" alt="Těhotenství, kojení">
                                    </a>
                                    <h3>
                                        <a class="children" href="/deti/tehotenstvi-kojeni">
                                            Těhotenství, kojení
                                        </a>
                                    </h3>

                                                                        <div class="categories-container">

                                                <a href="/deti/tehotenstvi-kojeni/vyziva">
                                                    Výživa,
                                                </a>

                                                <a href="/deti/tehotenstvi-kojeni/napoje-pro-maminky">
                                                    Nápoje pro maminky,
                                                </a>

                                        <a href="/deti/tehotenstvi-kojeni">...</a>
                                    </div>
                                </div>
                                <div class="product-type">
                                    <a href="/deti/potreby-pro-skolaky" class="product-type-image">
                                        <img data-src="https://cdn.kosik.cz/content/category/svg/menu/1386.svg" alt="Potřeby pro školáky">
                                    </a>
                                    <h3>
                                        <a class="children" href="/deti/potreby-pro-skolaky">
                                            Potřeby pro školáky
                                        </a>
                                    </h3>

                                                                        <div class="categories-container">

                                                <a href="/deti/potreby-pro-skolaky/psaci-potreby">
                                                    Psací potřeby,
                                                </a>

                                                <a href="/deti/potreby-pro-skolaky/vytvarne-potreby">
                                                    Výtvarné potřeby,
                                                </a>

                                                <a href="/deti/potreby-pro-skolaky/sacky-na-backurky">
                                                    Sáčky na bačkůrky,
                                                </a>
                                        <a href="/deti/potreby-pro-skolaky">...</a>
                                    </div>
                                </div>
                            </div>
                        </div>
                    </div>
                </li>
                <li class="sub with-children"
                    data-open="false">
                    <a href="/domacnost-a-zahrada">
                        Domácnost a zahrada
                    </a>
                        <span class="category-toggle-sub mobile-small-nav-show"
                              onclick="this.parentNode.classList.toggle('open')">
							<i class="fa fa-angle-down" aria-hidden="true"></i>
						</span>
                    <div class="block block-droped-category">
                        <div class="block-droped-category-inner">
                            <div class="category-product-list">

                                                                <div class="product-type">
                                    <a href="/domacnost-a-zahrada/kuchyne" class="product-type-image">
                                        <img data-src="https://cdn.kosik.cz/content/category/svg/menu/1391.svg" alt="Kuchyně">
                                    </a>
                                    <h3>
                                        <a class="children" href="/domacnost-a-zahrada/kuchyne">
                                            Kuchyně
                                        </a>
                                    </h3>

                                                                        <div class="categories-container">

                                                <a href="/domacnost-a-zahrada/kuchyne/pytle-do-kosu-a-kose">
                                                    Pytle do košů a koše,
                                                </a>

                                                <a href="/domacnost-a-zahrada/kuchyne/stolovani">
                                                    Stolování,
                                                </a>

                                                <a href="/domacnost-a-zahrada/kuchyne/kuchynske-potreby">
                                                    Kuchyňské potřeby,
                                                </a>

                                        <a href="/domacnost-a-zahrada/kuchyne">...</a>
                                    </div>
                                </div>
                                <div class="product-type">
                                    <a href="/domacnost-a-zahrada/vanoce-sezonni-dekorace" class="product-type-image">
                                        <img data-src="https://cdn.kosik.cz/content/category/svg/menu/1451.svg" alt="Vánoce - sezonní dekorace">
                                    </a>
                                    <h3>
                                        <a class="children" href="/domacnost-a-zahrada/vanoce-sezonni-dekorace">
                                            Vánoce - sezonní dekorace
                                        </a>
                                    </h3>

                                                                    </div>
                                <div class="product-type">
                                    <a href="/domacnost-a-zahrada/dum-a-byt" class="product-type-image">
                                        <img data-src="https://cdn.kosik.cz/content/category/svg/menu/1405.svg" alt="Dům a byt">
                                    </a>
                                    <h3>
                                        <a class="children" href="/domacnost-a-zahrada/dum-a-byt">
                                            Dům a byt
                                        </a>
                                    </h3>

                                                                        <div class="categories-container">

                                                <a href="/domacnost-a-zahrada/dum-a-byt/pomucky-k-uklidu">
                                                    Pomůcky k úklidu,
                                                </a>

                                                <a href="/domacnost-a-zahrada/dum-a-byt/domaci-textil">
                                                    Domácí textil,
                                                </a>


                                                <a href="/domacnost-a-zahrada/dum-a-byt/svicky-a-vune">
                                                    Svíčky a vůně,
                                                </a>


                                                <a href="/domacnost-a-zahrada/dum-a-byt/pece-o-obuv">
                                                    Péče o obuv,
                                                </a>

                                        <a href="/domacnost-a-zahrada/dum-a-byt">...</a>
                                    </div>
                                </div>
                                <div class="product-type">
                                    <a href="/domacnost-a-zahrada/kucharky" class="product-type-image">
                                        <img data-src="https://cdn.kosik.cz/content/category/svg/menu/1438.svg" alt="Kuchařky">
                                    </a>
                                    <h3>
                                        <a class="children" href="/domacnost-a-zahrada/kucharky">
                                            Kuchařky
                                        </a>
                                    </h3>

                                                                    </div>
                                <div class="product-type">
                                    <a href="/domacnost-a-zahrada/zahrada" class="product-type-image">
                                        <img data-src="https://cdn.kosik.cz/content/category/svg/menu/1427.svg" alt="Zahrada">
                                    </a>
                                    <h3>
                                        <a class="children" href="/domacnost-a-zahrada/zahrada">
                                            Zahrada
                                        </a>
                                    </h3>

                                                                        <div class="categories-container">



                                                <a href="/domacnost-a-zahrada/zahrada/semena">
                                                    Semena,
                                                </a>

                                                <a href="/domacnost-a-zahrada/zahrada/doplnky">
                                                    Doplňky,
                                                </a>

                                                <a href="/domacnost-a-zahrada/zahrada/bazenova-chemie">
                                                    Bazénová chemie,
                                                </a>
                                        <a href="/domacnost-a-zahrada/zahrada">...</a>
                                    </div>
                                </div>
                                <div class="product-type">
                                    <a href="/domacnost-a-zahrada/grilovani" class="product-type-image">
                                        <img data-src="https://cdn.kosik.cz/content/category/svg/menu/1439.svg" alt="Grilování">
                                    </a>
                                    <h3>
                                        <a class="children" href="/domacnost-a-zahrada/grilovani">
                                            Grilování
                                        </a>
                                    </h3>

                                                                        <div class="categories-container">

                                                <a href="/domacnost-a-zahrada/grilovani/grily">
                                                    Grily,
                                                </a>


                                        <a href="/domacnost-a-zahrada/grilovani">...</a>
                                    </div>
                                </div>
                                <div class="product-type">
                                    <a href="/domacnost-a-zahrada/kancelar" class="product-type-image">
                                        <img data-src="https://cdn.kosik.cz/content/category/svg/menu/1393.svg" alt="Kancelář">
                                    </a>
                                    <h3>
                                        <a class="children" href="/domacnost-a-zahrada/kancelar">
                                            Kancelář
                                        </a>
                                    </h3>

                                                                        <div class="categories-container">

                                                <a href="/domacnost-a-zahrada/kancelar/kancelarske-potreby">
                                                    Kancelářské potřeby,
                                                </a>

                                                <a href="/domacnost-a-zahrada/kancelar/papirnictvi">
                                                    Papírnictví,
                                                </a>

                                                <a href="/domacnost-a-zahrada/kancelar/trideni-archivace">
                                                    Třídění, archivace,
                                                </a>
                                        <a href="/domacnost-a-zahrada/kancelar">...</a>
                                    </div>
                                </div>
                                <div class="product-type">
                                    <a href="/domacnost-a-zahrada/lekarna" class="product-type-image">
                                        <img data-src="https://cdn.kosik.cz/content/category/svg/menu/1398.svg" alt="Lékárna">
                                    </a>
                                    <h3>
                                        <a class="children" href="/domacnost-a-zahrada/lekarna">
                                            Lékárna
                                        </a>
                                    </h3>

                                                                        <div class="categories-container">

                                                <a href="/domacnost-a-zahrada/lekarna/vyziva-a-hubnuti">
                                                    Výživa a hubnutí,
                                                </a>


                                                <a href="/domacnost-a-zahrada/lekarna/vyziva-pro-sportovce">
                                                    Výživa pro sportovce,
                                                </a>

                                                <a href="/domacnost-a-zahrada/lekarna/myti-bez-vody">
                                                    Mytí bez vody,
                                                </a>




                                        <a href="/domacnost-a-zahrada/lekarna">...</a>
                                    </div>
                                </div>
                                <div class="product-type">
                                    <a href="/domacnost-a-zahrada/fitness" class="product-type-image">
                                        <img data-src="https://cdn.kosik.cz/content/category/svg/menu/1403.svg" alt="Fitness">
                                    </a>
                                    <h3>
                                        <a class="children" href="/domacnost-a-zahrada/fitness">
                                            Fitness
                                        </a>
                                    </h3>

                                                                        <div class="categories-container">

                                                <a href="/domacnost-a-zahrada/fitness/sportovni-vyziva">
                                                    Sportovní výživa,
                                                </a>
                                        <a href="/domacnost-a-zahrada/fitness">...</a>
                                    </div>
                                </div>
                            </div>
                        </div>
                    </div>
                </li>
                <li class="sub with-children"
                    data-open="false">
                    <a href="/drogerie">
                        Drogerie
                    </a>
                        <span class="category-toggle-sub mobile-small-nav-show"
                              onclick="this.parentNode.classList.toggle('open')">
							<i class="fa fa-angle-down" aria-hidden="true"></i>
						</span>
                    <div class="block block-droped-category">
                        <div class="block-droped-category-inner">
                            <div class="category-product-list">

                                                                <div class="product-type">
                                    <a href="/drogerie/pece-o-telo" class="product-type-image">
                                        <img data-src="https://cdn.kosik.cz/content/category/svg/menu/1531.svg" alt="Péče o tělo">
                                    </a>
                                    <h3>
                                        <a class="children" href="/drogerie/pece-o-telo">
                                            Péče o tělo
                                        </a>
                                    </h3>

                                                                        <div class="categories-container">

                                                <a href="/drogerie/pece-o-telo/telova-mleka-a-kremy">
                                                    Tělová mléka a krémy,
                                                </a>

                                                <a href="/drogerie/pece-o-telo/pece-o-ruce">
                                                    Péče o ruce,
                                                </a>

                                                <a href="/drogerie/pece-o-telo/pece-o-nohy">
                                                    Péče o nohy,
                                                </a>


                                                <a href="/drogerie/pece-o-telo/repelenty">
                                                    Repelenty,
                                                </a>
                                        <a href="/drogerie/pece-o-telo">...</a>
                                    </div>
                                </div>
                                <div class="product-type">
                                    <a href="/drogerie/darkove-sady" class="product-type-image">
                                        <img data-src="https://cdn.kosik.cz/content/category/svg/menu/1571.svg" alt="Dárkové sady">
                                    </a>
                                    <h3>
                                        <a class="children" href="/drogerie/darkove-sady">
                                            Dárkové sady
                                        </a>
                                    </h3>

                                                                        <div class="categories-container">

                                                <a href="/drogerie/darkove-sady/pro-zeny">
                                                    Pro ženy,
                                                </a>

                                                <a href="/drogerie/darkove-sady/pro-muze">
                                                    Pro muže,
                                                </a>

                                                <a href="/drogerie/darkove-sady/pro-deti">
                                                    Pro děti,
                                                </a>

                                                <a href="/drogerie/darkove-sady/unisex">
                                                    Unisex,
                                                </a>
                                        <a href="/drogerie/darkove-sady">...</a>
                                    </div>
                                </div>
                                <div class="product-type">
                                    <a href="/drogerie/praci-prostredky" class="product-type-image">
                                        <img data-src="https://cdn.kosik.cz/content/category/svg/menu/1456.svg" alt="Prací prostředky">
                                    </a>
                                    <h3>
                                        <a class="children" href="/drogerie/praci-prostredky">
                                            Prací prostředky
                                        </a>
                                    </h3>

                                                                        <div class="categories-container">

                                                <a href="/drogerie/praci-prostredky/prasky">
                                                    Prášky,
                                                </a>

                                                <a href="/drogerie/praci-prostredky/gely">
                                                    Gely,
                                                </a>

                                                <a href="/drogerie/praci-prostredky/kapsle">
                                                    Kapsle,
                                                </a>

                                                <a href="/drogerie/praci-prostredky/avivaze">
                                                    Aviváže,
                                                </a>

                                                <a href="/drogerie/praci-prostredky/detske-prani">
                                                    Dětské praní,
                                                </a>

                                                <a href="/drogerie/praci-prostredky/odstranovace-skvrn">
                                                    Odstraňovače skvrn,
                                                </a>
                                        <a href="/drogerie/praci-prostredky">...</a>
                                    </div>
                                </div>
                                <div class="product-type">
                                    <a href="/drogerie/cistici-prostredky" class="product-type-image">
                                        <img data-src="https://cdn.kosik.cz/content/category/svg/menu/1464.svg" alt="Čistící prostředky">
                                    </a>
                                    <h3>
                                        <a class="children" href="/drogerie/cistici-prostredky">
                                            Čistící prostředky
                                        </a>
                                    </h3>

                                                                        <div class="categories-container">

                                                <a href="/drogerie/cistici-prostredky/koupelna">
                                                    Koupelna,
                                                </a>

                                                <a href="/drogerie/cistici-prostredky/kuchyn">
                                                    Kuchyň,
                                                </a>

                                                <a href="/drogerie/cistici-prostredky/toaleta">
                                                    Toaleta,
                                                </a>

                                                <a href="/drogerie/cistici-prostredky/podlahy-a-koberce">
                                                    Podlahy a koberce,
                                                </a>

                                                <a href="/drogerie/cistici-prostredky/okna">
                                                    Okna,
                                                </a>

                                                <a href="/drogerie/cistici-prostredky/nabytek">
                                                    Nábytek,
                                                </a>

                                                <a href="/drogerie/cistici-prostredky/univerzalni">
                                                    Univerzální,
                                                </a>



                                        <a href="/drogerie/cistici-prostredky">...</a>
                                    </div>
                                </div>
                                <div class="product-type">
                                    <a href="/drogerie/myti-nadobi" class="product-type-image">
                                        <img data-src="https://cdn.kosik.cz/content/category/svg/menu/1551.svg" alt="Mytí nádobí">
                                    </a>
                                    <h3>
                                        <a class="children" href="/drogerie/myti-nadobi">
                                            Mytí nádobí
                                        </a>
                                    </h3>

                                                                        <div class="categories-container">

                                                <a href="/drogerie/myti-nadobi/prostredky-do-mycky">
                                                    Prostředky do myčky,
                                                </a>

                                                <a href="/drogerie/myti-nadobi/rucni-myti">
                                                    Ruční mytí,
                                                </a>

                                                <a href="/drogerie/myti-nadobi/hadriky-a-houbicky">
                                                    Hadříky a houbičky,
                                                </a>
                                        <a href="/drogerie/myti-nadobi">...</a>
                                    </div>
                                </div>
                                <div class="product-type">
                                    <a href="/drogerie/toaletni-papir-kapesniky-kuchynske-uterky" class="product-type-image">
                                        <img data-src="https://cdn.kosik.cz/content/category/svg/menu/1561.svg" alt="Toaletní papír, kapesníky, kuchyňské utěrky">
                                    </a>
                                    <h3>
                                        <a class="children" href="/drogerie/toaletni-papir-kapesniky-kuchynske-uterky">
                                            Toaletní papír, kapesníky, kuchyňské utěrky
                                        </a>
                                    </h3>

                                                                        <div class="categories-container">

                                                <a href="/drogerie/toaletni-papir-kapesniky-kuchynske-uterky/toaletni-papiry">
                                                    Toaletní papíry,
                                                </a>

                                                <a href="/drogerie/toaletni-papir-kapesniky-kuchynske-uterky/kapesniky">
                                                    Kapesníky,
                                                </a>

                                                <a href="/drogerie/toaletni-papir-kapesniky-kuchynske-uterky/kuchynske-uterky">
                                                    Kuchyňské utěrky,
                                                </a>
                                        <a href="/drogerie/toaletni-papir-kapesniky-kuchynske-uterky">...</a>
                                    </div>
                                </div>
                                <div class="product-type">
                                    <a href="/drogerie/sprchove-gely-mydla-peny" class="product-type-image">
                                        <img data-src="https://cdn.kosik.cz/content/category/svg/menu/1514.svg" alt="Sprchové gely, mýdla, pěny">
                                    </a>
                                    <h3>
                                        <a class="children" href="/drogerie/sprchove-gely-mydla-peny">
                                            Sprchové gely, mýdla, pěny
                                        </a>
                                    </h3>

                                                                        <div class="categories-container">

                                                <a href="/drogerie/sprchove-gely-mydla-peny/sprchove-gely">
                                                    Sprchové gely,
                                                </a>

                                                <a href="/drogerie/sprchove-gely-mydla-peny/mydla">
                                                    Mýdla,
                                                </a>

                                                <a href="/drogerie/sprchove-gely-mydla-peny/peny-a-oleje-do-koupele">
                                                    Pěny a oleje do koupele,
                                                </a>
                                        <a href="/drogerie/sprchove-gely-mydla-peny">...</a>
                                    </div>
                                </div>
                                <div class="product-type">
                                    <a href="/drogerie/pece-o-vlasy" class="product-type-image">
                                        <img data-src="https://cdn.kosik.cz/content/category/svg/menu/1523.svg" alt="Péče o vlasy">
                                    </a>
                                    <h3>
                                        <a class="children" href="/drogerie/pece-o-vlasy">
                                            Péče o vlasy
                                        </a>
                                    </h3>

                                                                        <div class="categories-container">

                                                <a href="/drogerie/pece-o-vlasy/sampony">
                                                    Šampony,
                                                </a>

                                                <a href="/drogerie/pece-o-vlasy/kondicionery">
                                                    Kondicionéry,
                                                </a>

                                                <a href="/drogerie/pece-o-vlasy/laky">
                                                    Laky,
                                                </a>

                                                <a href="/drogerie/pece-o-vlasy/tuzidla">
                                                    Tužidla,
                                                </a>

                                                <a href="/drogerie/pece-o-vlasy/gely">
                                                    Gely,
                                                </a>

                                                <a href="/drogerie/pece-o-vlasy/barvy-na-vlasy">
                                                    Barvy na vlasy,
                                                </a>
                                        <a href="/drogerie/pece-o-vlasy">...</a>
                                    </div>
                                </div>
                                <div class="product-type">
                                    <a href="/drogerie/pece-o-plet" class="product-type-image">
                                        <img data-src="https://cdn.kosik.cz/content/category/svg/menu/1541.svg" alt="Péče o pleť">
                                    </a>
                                    <h3>
                                        <a class="children" href="/drogerie/pece-o-plet">
                                            Péče o pleť
                                        </a>
                                    </h3>

                                                                        <div class="categories-container">

                                                <a href="/drogerie/pece-o-plet/pletove-kremy">
                                                    Pleťové krémy,
                                                </a>

                                                <a href="/drogerie/pece-o-plet/odlicovani">
                                                    Odličování,
                                                </a>

                                                <a href="/drogerie/pece-o-plet/masky-a-peelingy">
                                                    Masky a peelingy,
                                                </a>

                                                <a href="/drogerie/pece-o-plet/pece-o-rty">
                                                    Péče o rty,
                                                </a>

                                        <a href="/drogerie/pece-o-plet">...</a>
                                    </div>
                                </div>
                                <div class="product-type">
                                    <a href="/drogerie/ustni-hygiena" class="product-type-image">
                                        <img data-src="https://cdn.kosik.cz/content/category/svg/menu/1502.svg" alt="Ústní hygiena">
                                    </a>
                                    <h3>
                                        <a class="children" href="/drogerie/ustni-hygiena">
                                            Ústní hygiena
                                        </a>
                                    </h3>

                                                                        <div class="categories-container">

                                                <a href="/drogerie/ustni-hygiena/zubni-pasty">
                                                    Zubní pasty,
                                                </a>

                                                <a href="/drogerie/ustni-hygiena/zubni-kartacky">
                                                    Zubní kartáčky,
                                                </a>

                                                <a href="/drogerie/ustni-hygiena/ustni-vody">
                                                    Ústní vody,
                                                </a>

                                                <a href="/drogerie/ustni-hygiena/mezizubni-pece">
                                                    Mezizubní péče,
                                                </a>

                                        <a href="/drogerie/ustni-hygiena">...</a>
                                    </div>
                                </div>
                                <div class="product-type">
                                    <a href="/drogerie/deodoranty-a-antiperspiranty" class="product-type-image">
                                        <img data-src="https://cdn.kosik.cz/content/category/svg/menu/1477.svg" alt="Deodoranty a antiperspiranty">
                                    </a>
                                    <h3>
                                        <a class="children" href="/drogerie/deodoranty-a-antiperspiranty">
                                            Deodoranty a antiperspiranty
                                        </a>
                                    </h3>

                                                                        <div class="categories-container">

                                                <a href="/drogerie/deodoranty-a-antiperspiranty/damske">
                                                    Dámské,
                                                </a>

                                                <a href="/drogerie/deodoranty-a-antiperspiranty/panske">
                                                    Pánské,
                                                </a>
                                        <a href="/drogerie/deodoranty-a-antiperspiranty">...</a>
                                    </div>
                                </div>
                                <div class="product-type">
                                    <a href="/drogerie/holeni-a-epilace" class="product-type-image">
                                        <img data-src="https://cdn.kosik.cz/content/category/svg/menu/1493.svg" alt="Holení a epilace">
                                    </a>
                                    <h3>
                                        <a class="children" href="/drogerie/holeni-a-epilace">
                                            Holení a epilace
                                        </a>
                                    </h3>

                                                                        <div class="categories-container">

                                                <a href="/drogerie/holeni-a-epilace/damske">
                                                    Dámské,
                                                </a>

                                                <a href="/drogerie/holeni-a-epilace/panske">
                                                    Pánské,
                                                </a>
                                        <a href="/drogerie/holeni-a-epilace">...</a>
                                    </div>
                                </div>
                                <div class="product-type">
                                    <a href="/drogerie/damska-hygiena" class="product-type-image">
                                        <img data-src="https://cdn.kosik.cz/content/category/svg/menu/1508.svg" alt="Dámská hygiena">
                                    </a>
                                    <h3>
                                        <a class="children" href="/drogerie/damska-hygiena">
                                            Dámská hygiena
                                        </a>
                                    </h3>

                                                                        <div class="categories-container">

                                                <a href="/drogerie/damska-hygiena/vlozky">
                                                    Vložky,
                                                </a>

                                                <a href="/drogerie/damska-hygiena/tampony">
                                                    Tampóny,
                                                </a>

                                                <a href="/drogerie/damska-hygiena/intimni-hygiena">
                                                    Intimní hygiena,
                                                </a>
                                        <a href="/drogerie/damska-hygiena">...</a>
                                    </div>
                                </div>
                                <div class="product-type">
                                    <a href="/drogerie/eko-drogerie-a-kosmetika" class="product-type-image">
                                        <img data-src="https://cdn.kosik.cz/content/category/svg/menu/1488.svg" alt="Eko drogerie a kosmetika">
                                    </a>
                                    <h3>
                                        <a class="children" href="/drogerie/eko-drogerie-a-kosmetika">
                                            Eko drogerie a kosmetika
                                        </a>
                                    </h3>

                                                                        <div class="categories-container">

                                                <a href="/drogerie/eko-drogerie-a-kosmetika/prani">
                                                    Praní,
                                                </a>

                                                <a href="/drogerie/eko-drogerie-a-kosmetika/myti-nadobi">
                                                    Mytí nádobí,
                                                </a>

                                                <a href="/drogerie/eko-drogerie-a-kosmetika/cistici-prostredky">
                                                    Čistící prostředky,
                                                </a>

                                                <a href="/drogerie/eko-drogerie-a-kosmetika/prirodni-kosmetika">
                                                    Přírodní kosmetika,
                                                </a>
                                        <a href="/drogerie/eko-drogerie-a-kosmetika">...</a>
                                    </div>
                                </div>
                                <div class="product-type">
                                    <a href="/drogerie/pece-o-zdravi" class="product-type-image">
                                        <img data-src="https://cdn.kosik.cz/content/category/svg/menu/1565.svg" alt="Péče o zdraví">
                                    </a>
                                    <h3>
                                        <a class="children" href="/drogerie/pece-o-zdravi">
                                            Péče o zdraví
                                        </a>
                                    </h3>

                                                                        <div class="categories-container">

                                                <a href="/drogerie/pece-o-zdravi/intimni-chvile">
                                                    Intimní chvíle,
                                                </a>

                                                <a href="/drogerie/pece-o-zdravi/masazni-emulze">
                                                    Masážní emulze,
                                                </a>

                                                <a href="/drogerie/pece-o-zdravi/pece-o-telo-a-vlasy">
                                                    Péče o tělo a vlasy,
                                                </a>
                                        <a href="/drogerie/pece-o-zdravi">...</a>
                                    </div>
                                </div>
                            </div>
                        </div>
                    </div>
                </li>
                <li class="sub with-children"
                    data-open="false">
                    <a href="/trafika">
                        Trafika
                    </a>
                        <span class="category-toggle-sub mobile-small-nav-show"
                              onclick="this.parentNode.classList.toggle('open')">
							<i class="fa fa-angle-down" aria-hidden="true"></i>
						</span>
                    <div class="block block-droped-category">
                        <div class="block-droped-category-inner">
                            <div class="category-product-list">

                                                                <div class="product-type">
                                    <a href="/trafika/cigarety-a-tabak" class="product-type-image">
                                        <img data-src="https://cdn.kosik.cz/content/category/svg/menu/1578.svg" alt="Cigarety a tabák">
                                    </a>
                                    <h3>
                                        <a class="children" href="/trafika/cigarety-a-tabak">
                                            Cigarety a tabák
                                        </a>
                                    </h3>

                                                                    </div>
                            </div>
                        </div>
                    </div>
                </li>


        </ul>
    </div>
</div>

<script type="text/javascript">
    $(function() {
        $('.christmas-link').on('click', function () {
            if (window.innerWidth < 1025) {
                var mobileMenu = $('#big-menu');
                mobileMenu.toggleClass('open');
                basic.toggleClass((document.querySelector('body')), 'open-menu');
            }
            $('html, body').animate({
                scrollTop: $('#christmas-inspiration').offset().top - 100
            }, 2000);
            return false;
        });

    });
</script>

						<div
								class="region region-delivery-cart" id="fixed-menu">
							<div class="region-inner region-delivery-cart-inner">
								<div id="snippet--orderSlotPreviewArea">
<script>
    $(document).ready(function(){
        var nearest = $('.block-nearest-delivery');

        if(nearest.hasClass('unloaded')){
            $.nette.ajax("\/produkty-v-akci?do=orderSlotPreview-load").done(function(){
                nearest.removeClass('unloaded')
            });
        }
    })
</script>
<div class="block block-nearest-delivery unloaded" id="snippet-orderSlotPreview-slots">
        <span class="noslot">Nejbližší termín dodání se dozvíte v <strong>průběhu objednávání</strong>. Momentálně jsme zaneprázdněni vyřizováním objednávek ostatních zákazníků.</span>
</div>
								</div>

								<div class="block-cart-dropdown" id="snippet--cartPreview">
<div class="cart-fixing-box">
	<a href="javaScript:void(0);" onclick="fixing.openBox(&quot;\/produkty-v-akci?do=cartPreview-showCart&quot;)" id="cart-open-button" aria-hidden="true">
		<i class="fa fa-angle-down" aria-hidden="true"></i>
		<p class="units-in-cart">
			<span class="show-cart-text" data-visible="Obchod" data-hide="Zobrazit">
					Zobrazit
			</span>
			<span class="total-items-incart" id="snippet-cartPreview-totalItems"><span class="accessible">Počet položek v košíku: </span>0</span>
		</p>
	</a>
		<a class="open-cart button-simple button-red blur-modal-overlay kosik-modal-open" data-target="login-modal">
			Pokladna
		</a>
	<p class="cart-price button-simple button-green" id="snippet-cartPreview-totalPriceArea">
		<strong class="price">0,00 Kč</strong>
	</p>
</div>
<div class="cart-box fixed-top" id="cart-detail-preview">
<div id="snippet-cartPreview-cartBox"><div id="snippet-cartPreview-detail-">	<div class="cart-item-list-overlay">
		<div id="cart-items-list" class="cart-items-list min">
			<div class="cart-items-scroller">
				<h4 class="accessible">Položky v košíku</h2>
				<div class="cart-is-empty">
										Košík máte prázdný,<br>vraťte se <a href="javascript:void(0);" onclick="fixing.openBox('\/?do=cartPreview-showCart')">do obchodu</a>.
									</div>
			</div>
		</div>
<div id="snippet-cartPreview-detail-finalPrice">				<div class="make-order" id="make-order-button">
					<div class="cart-minimal">
						<p>
								Minimální cena objednávky je <b class="no-break"><strong class="price">500,00 Kč</strong></b> Kč
								<br>
								Přidejte zboží ještě alespoň za <em class="no-break"><strong class="price">500,00 Kč</strong></em>
						</p>
					</div>

						<a class="button button-red blur-modal-overlay kosik-modal-open" data-target="login-modal">
							Koupit za  0 Kč
						</a>
				</div>
			<script>
				$(document).ready(function(){
					$('.cart-control-delete, .cart-item-delete').click(function(){
						$(this).closest('li').addClass('hidden-product');
					});
				});
			</script>
</div>	</div>
	<script async>
		basic.documentReady(function () {

			if (window.innerWidth > 1024) {
				$('#delete-cart-items').on('click', function (e) {
					var message = confirm('Opravdu chcete vyprázdnit váš košík?')

					if (!message)
						e.preventDefault();
					else
						$.nette.ajax(this.dataset.href);
				});
			}
		});
	</script>
</div></div></div>
<script async>
	basic.documentReady(function(){
		fixing.init();
	});

	$(document).ajaxComplete(function(){
		fixing.reinitElements(true);
	});
</script>
								</div>
							</div>
						</div>
<div id="snippet-pASystem-"></div>					</div>

					<div class="region region-breadcrumb">
						<div class="region-inner region-breadcrumb-inner">
    <ol class="kosik-breadcrumb">
        <li>
            <a href="/">Košík.cz</a>
        </li>
        <li>
            <a href="">Akce</a>
        </li>
    </ol>
						</div>
					</div>

				</div>
			</div>
		</header>

		<div class="mainOuter">
			
		</div>

		<div class="zone-wrapper zone-main-wrapper clearfix" role="main">
			<a name="maincontent" id="maincontent" aria-hidden="true"></a>
    <div class="zone zone-main clearfix">

        <div class="region region-category-review-slider only-filter" role="complementary">
            <div class="region-inner region-category-review-slider-inner">
<div class="block block-product-price-filter lighter-gray-bg">
    <div class="filter-ajax-waiting">
        <div class="loading">
            <div class="loading-bar"></div>
            <div class="loading-bar"></div>
            <div class="loading-bar"></div>
            <div class="loading-bar"></div>
        </div>
    </div>
    <div class="count" id="snippet-productFilter-countArea">
        <p>4341 produktů nalezeno</p>
    </div>

        <h3 aria-label="Filtr Podle ceny">Podle ceny</h3>
        <div id="snippet-productFilter-priceFinalVatConstraintFormArea">
        <form action="/produkty-v-akci" method="post" class="ajax filter-constraint filter-range" id="frm-productFilter-priceFinalVatConstraintForm">
                                <div id="slider-value" class="slider"><input type="text" name="value[min]" style="display:none" id="value-min" value="0"><input type="text" name="value[max]" style="display:none" id="value-max" value="5000"><div data-suffix="Kč" data-minimum="0" data-maximum="5000" data-value-min="0" data-value-max="5000" data-step="10" class="range-wrapper"><div id="range-input"></div></div><span id="value-label-minValue"></span><span id="value-label-maxValue" style="float:right"></span></div>
                                <input type="hidden" name="do" value="productFilter-priceFinalVatConstraintForm-submit">
        <!--[if IE]><input type=IEbug disabled style="display:none"><![endif]-->
</form>

</div>
        <h3 aria-label="Filtr Podle značky">Podle značky</h3>
        <div id="snippet-productFilter-brandConstraintFormArea">
        <form action="/produkty-v-akci" method="post" class="ajax filter-constraint filter-list" id="frm-productFilter-brandConstraintForm">
                <div class="filter-categories" id="filter-brand">

                                                         <div class="form-row" style="display: none;">
                            <input type="checkbox" name="value[]" onchange=" $('.filter-ajax-waiting').addClass('show');$(this).closest('form').submit();" id="frm-productFilter-brandConstraintForm-value-2604" value="2604" aria-label="!3M (2)">
                            <label for="frm-productFilter-brandConstraintForm-value-2604">3M (2)</label>
                        </div>


                                                         <div class="form-row" style="display: none;">
                            <input type="checkbox" name="value[]" onchange=" $('.filter-ajax-waiting').addClass('show');$(this).closest('form').submit();" id="frm-productFilter-brandConstraintForm-value-1852" value="1852" aria-label="!9 Bar (1)">
                            <label for="frm-productFilter-brandConstraintForm-value-1852">9 Bar (1)</label>
                        </div>


                                                         <div class="form-row" style="display: none;">
                            <input type="checkbox" name="value[]" onchange=" $('.filter-ajax-waiting').addClass('show');$(this).closest('form').submit();" id="frm-productFilter-brandConstraintForm-value-301" value="301" aria-label="!ABC (1)">
                            <label for="frm-productFilter-brandConstraintForm-value-301">ABC (1)</label>
                        </div>


                                                         <div class="form-row" style="display: none;">
                            <input type="checkbox" name="value[]" onchange=" $('.filter-ajax-waiting').addClass('show');$(this).closest('form').submit();" id="frm-productFilter-brandConstraintForm-value-43" value="43" aria-label="!ALEX (1)">
                            <label for="frm-productFilter-brandConstraintForm-value-43">ALEX (1)</label>
                        </div>


                                                         <div class="form-row" style="display: none;">
                            <input type="checkbox" name="value[]" onchange=" $('.filter-ajax-waiting').addClass('show');$(this).closest('form').submit();" id="frm-productFilter-brandConstraintForm-value-3059" value="3059" aria-label="!ALSA (1)">
                            <label for="frm-productFilter-brandConstraintForm-value-3059">ALSA (1)</label>
                        </div>


                                                         <div class="form-row" style="display: none;">
                            <input type="checkbox" name="value[]" onchange=" $('.filter-ajax-waiting').addClass('show');$(this).closest('form').submit();" id="frm-productFilter-brandConstraintForm-value-2416" value="2416" aria-label="!AMC Juices, S.L. (6)">
                            <label for="frm-productFilter-brandConstraintForm-value-2416">AMC Juices, S.L. (6)</label>
                        </div>


                                                         <div class="form-row" style="display: none;">
                            <input type="checkbox" name="value[]" onchange=" $('.filter-ajax-waiting').addClass('show');$(this).closest('form').submit();" id="frm-productFilter-brandConstraintForm-value-222" value="222" aria-label="!ANTICOL (3)">
                            <label for="frm-productFilter-brandConstraintForm-value-222">ANTICOL (3)</label>
                        </div>


                                                         <div class="form-row" style="display: none;">
                            <input type="checkbox" name="value[]" onchange=" $('.filter-ajax-waiting').addClass('show');$(this).closest('form').submit();" id="frm-productFilter-brandConstraintForm-value-1345" value="1345" aria-label="!ARO (8)">
                            <label for="frm-productFilter-brandConstraintForm-value-1345">ARO (8)</label>
                        </div>


                                                         <div class="form-row" style="display: none;">
                            <input type="checkbox" name="value[]" onchange=" $('.filter-ajax-waiting').addClass('show');$(this).closest('form').submit();" id="frm-productFilter-brandConstraintForm-value-3095" value="3095" aria-label="!AVEIRO (6)">
                            <label for="frm-productFilter-brandConstraintForm-value-3095">AVEIRO (6)</label>
                        </div>


                                                         <div class="form-row" style="display: none;">
                            <input type="checkbox" name="value[]" onchange=" $('.filter-ajax-waiting').addClass('show');$(this).closest('form').submit();" id="frm-productFilter-brandConstraintForm-value-519" value="519" aria-label="!Absolut (6)">
                            <label for="frm-productFilter-brandConstraintForm-value-519">Absolut (6)</label>
                        </div>


                                                         <div class="form-row" style="display: none;">
                            <input type="checkbox" name="value[]" onchange=" $('.filter-ajax-waiting').addClass('show');$(this).closest('form').submit();" id="frm-productFilter-brandConstraintForm-value-3376" value="3376" aria-label="!Adam (3)">
                            <label for="frm-productFilter-brandConstraintForm-value-3376">Adam (3)</label>
                        </div>


                                                         <div class="form-row" style="display: none;">
                            <input type="checkbox" name="value[]" onchange=" $('.filter-ajax-waiting').addClass('show');$(this).closest('form').submit();" id="frm-productFilter-brandConstraintForm-value-1567" value="1567" aria-label="!Adidas (3)">
                            <label for="frm-productFilter-brandConstraintForm-value-1567">Adidas (3)</label>
                        </div>


                                                         <div class="form-row" style="display: none;">
                            <input type="checkbox" name="value[]" onchange=" $('.filter-ajax-waiting').addClass('show');$(this).closest('form').submit();" id="frm-productFilter-brandConstraintForm-value-262" value="262" aria-label="!Adriana (2)">
                            <label for="frm-productFilter-brandConstraintForm-value-262">Adriana (2)</label>
                        </div>


                                                         <div class="form-row" style="display: none;">
                            <input type="checkbox" name="value[]" onchange=" $('.filter-ajax-waiting').addClass('show');$(this).closest('form').submit();" id="frm-productFilter-brandConstraintForm-value-2421" value="2421" aria-label="!Adventuros (2)">
                            <label for="frm-productFilter-brandConstraintForm-value-2421">Adventuros (2)</label>
                        </div>


                                                         <div class="form-row" style="display: none;">
                            <input type="checkbox" name="value[]" onchange=" $('.filter-ajax-waiting').addClass('show');$(this).closest('form').submit();" id="frm-productFilter-brandConstraintForm-value-2830" value="2830" aria-label="!Afro (4)">
                            <label for="frm-productFilter-brandConstraintForm-value-2830">Afro (4)</label>
                        </div>


                                                         <div class="form-row" style="display: none;">
                            <input type="checkbox" name="value[]" onchange=" $('.filter-ajax-waiting').addClass('show');$(this).closest('form').submit();" id="frm-productFilter-brandConstraintForm-value-781" value="781" aria-label="!Agrimex (1)">
                            <label for="frm-productFilter-brandConstraintForm-value-781">Agrimex (1)</label>
                        </div>


                                                         <div class="form-row" style="display: none;">
                            <input type="checkbox" name="value[]" onchange=" $('.filter-ajax-waiting').addClass('show');$(this).closest('form').submit();" id="frm-productFilter-brandConstraintForm-value-1390" value="1390" aria-label="!Agro (9)">
                            <label for="frm-productFilter-brandConstraintForm-value-1390">Agro (9)</label>
                        </div>


                                                         <div class="form-row" style="display: none;">
                            <input type="checkbox" name="value[]" onchange=" $('.filter-ajax-waiting').addClass('show');$(this).closest('form').submit();" id="frm-productFilter-brandConstraintForm-value-1255" value="1255" aria-label="!Ahmad Tea (4)">
                            <label for="frm-productFilter-brandConstraintForm-value-1255">Ahmad Tea (4)</label>
                        </div>


                                                         <div class="form-row" style="display: none;">
                            <input type="checkbox" name="value[]" onchange=" $('.filter-ajax-waiting').addClass('show');$(this).closest('form').submit();" id="frm-productFilter-brandConstraintForm-value-1475" value="1475" aria-label="!Air Wick (13)">
                            <label for="frm-productFilter-brandConstraintForm-value-1475">Air Wick (13)</label>
                        </div>


                                                         <div class="form-row" style="display: none;">
                            <input type="checkbox" name="value[]" onchange=" $('.filter-ajax-waiting').addClass('show');$(this).closest('form').submit();" id="frm-productFilter-brandConstraintForm-value-3232" value="3232" aria-label="!Alete (20)">
                            <label for="frm-productFilter-brandConstraintForm-value-3232">Alete (20)</label>
                        </div>


                                                         <div class="form-row" style="display: none;">
                            <input type="checkbox" name="value[]" onchange=" $('.filter-ajax-waiting').addClass('show');$(this).closest('form').submit();" id="frm-productFilter-brandConstraintForm-value-125" value="125" aria-label="!Alfa (1)">
                            <label for="frm-productFilter-brandConstraintForm-value-125">Alfa (1)</label>
                        </div>


                                                         <div class="form-row" style="display: none;">
                            <input type="checkbox" name="value[]" onchange=" $('.filter-ajax-waiting').addClass('show');$(this).closest('form').submit();" id="frm-productFilter-brandConstraintForm-value-274" value="274" aria-label="!Alibona (4)">
                            <label for="frm-productFilter-brandConstraintForm-value-274">Alibona (4)</label>
                        </div>


                                                         <div class="form-row" style="display: none;">
                            <input type="checkbox" name="value[]" onchange=" $('.filter-ajax-waiting').addClass('show');$(this).closest('form').submit();" id="frm-productFilter-brandConstraintForm-value-2388" value="2388" aria-label="!Alisfood (2)">
                            <label for="frm-productFilter-brandConstraintForm-value-2388">Alisfood (2)</label>
                        </div>


                                                         <div class="form-row" style="display: none;">
                            <input type="checkbox" name="value[]" onchange=" $('.filter-ajax-waiting').addClass('show');$(this).closest('form').submit();" id="frm-productFilter-brandConstraintForm-value-2175" value="2175" aria-label="!Almdudler (1)">
                            <label for="frm-productFilter-brandConstraintForm-value-2175">Almdudler (1)</label>
                        </div>


                                                         <div class="form-row" style="display: none;">
                            <input type="checkbox" name="value[]" onchange=" $('.filter-ajax-waiting').addClass('show');$(this).closest('form').submit();" id="frm-productFilter-brandConstraintForm-value-5" value="5" aria-label="!Alpa (4)">
                            <label for="frm-productFilter-brandConstraintForm-value-5">Alpa (4)</label>
                        </div>


                                                         <div class="form-row" style="display: none;">
                            <input type="checkbox" name="value[]" onchange=" $('.filter-ajax-waiting').addClass('show');$(this).closest('form').submit();" id="frm-productFilter-brandConstraintForm-value-2767" value="2767" aria-label="!Alpha (2)">
                            <label for="frm-productFilter-brandConstraintForm-value-2767">Alpha (2)</label>
                        </div>


                                                         <div class="form-row" style="display: none;">
                            <input type="checkbox" name="value[]" onchange=" $('.filter-ajax-waiting').addClass('show');$(this).closest('form').submit();" id="frm-productFilter-brandConstraintForm-value-669" value="669" aria-label="!Alufix (10)">
                            <label for="frm-productFilter-brandConstraintForm-value-669">Alufix (10)</label>
                        </div>


                                                         <div class="form-row" style="display: none;">
                            <input type="checkbox" name="value[]" onchange=" $('.filter-ajax-waiting').addClass('show');$(this).closest('form').submit();" id="frm-productFilter-brandConstraintForm-value-80" value="80" aria-label="!Always (1)">
                            <label for="frm-productFilter-brandConstraintForm-value-80">Always (1)</label>
                        </div>


                                                         <div class="form-row" style="display: none;">
                            <input type="checkbox" name="value[]" onchange=" $('.filter-ajax-waiting').addClass('show');$(this).closest('form').submit();" id="frm-productFilter-brandConstraintForm-value-2638" value="2638" aria-label="!Amaretto (1)">
                            <label for="frm-productFilter-brandConstraintForm-value-2638">Amaretto (1)</label>
                        </div>


                                                         <div class="form-row" style="display: none;">
                            <input type="checkbox" name="value[]" onchange=" $('.filter-ajax-waiting').addClass('show');$(this).closest('form').submit();" id="frm-productFilter-brandConstraintForm-value-3083" value="3083" aria-label="!Amaro Montenegro (1)">
                            <label for="frm-productFilter-brandConstraintForm-value-3083">Amaro Montenegro (1)</label>
                        </div>


                                                         <div class="form-row" style="display: none;">
                            <input type="checkbox" name="value[]" onchange=" $('.filter-ajax-waiting').addClass('show');$(this).closest('form').submit();" id="frm-productFilter-brandConstraintForm-value-1332" value="1332" aria-label="!Ambi Pur (6)">
                            <label for="frm-productFilter-brandConstraintForm-value-1332">Ambi Pur (6)</label>
                        </div>


                                                         <div class="form-row" style="display: none;">
                            <input type="checkbox" name="value[]" onchange=" $('.filter-ajax-waiting').addClass('show');$(this).closest('form').submit();" id="frm-productFilter-brandConstraintForm-value-520" value="520" aria-label="!Amundsen (13)">
                            <label for="frm-productFilter-brandConstraintForm-value-520">Amundsen (13)</label>
                        </div>


                                                         <div class="form-row" style="display: none;">
                            <input type="checkbox" name="value[]" onchange=" $('.filter-ajax-waiting').addClass('show');$(this).closest('form').submit();" id="frm-productFilter-brandConstraintForm-value-315" value="315" aria-label="!Amylon (3)">
                            <label for="frm-productFilter-brandConstraintForm-value-315">Amylon (3)</label>
                        </div>


                                                         <div class="form-row" style="display: none;">
                            <input type="checkbox" name="value[]" onchange=" $('.filter-ajax-waiting').addClass('show');$(this).closest('form').submit();" id="frm-productFilter-brandConstraintForm-value-792" value="792" aria-label="!Animalco (1)">
                            <label for="frm-productFilter-brandConstraintForm-value-792">Animalco (1)</label>
                        </div>


                                                         <div class="form-row" style="display: none;">
                            <input type="checkbox" name="value[]" onchange=" $('.filter-ajax-waiting').addClass('show');$(this).closest('form').submit();" id="frm-productFilter-brandConstraintForm-value-2309" value="2309" aria-label="!Animonda (5)">
                            <label for="frm-productFilter-brandConstraintForm-value-2309">Animonda (5)</label>
                        </div>


                                                         <div class="form-row" style="display: none;">
                            <input type="checkbox" name="value[]" onchange=" $('.filter-ajax-waiting').addClass('show');$(this).closest('form').submit();" id="frm-productFilter-brandConstraintForm-value-3416" value="3416" aria-label="!Animpol (1)">
                            <label for="frm-productFilter-brandConstraintForm-value-3416">Animpol (1)</label>
                        </div>


                                                         <div class="form-row" style="display: none;">
                            <input type="checkbox" name="value[]" onchange=" $('.filter-ajax-waiting').addClass('show');$(this).closest('form').submit();" id="frm-productFilter-brandConstraintForm-value-657" value="657" aria-label="!Aperol (1)">
                            <label for="frm-productFilter-brandConstraintForm-value-657">Aperol (1)</label>
                        </div>


                                                         <div class="form-row" style="display: none;">
                            <input type="checkbox" name="value[]" onchange=" $('.filter-ajax-waiting').addClass('show');$(this).closest('form').submit();" id="frm-productFilter-brandConstraintForm-value-3122" value="3122" aria-label="!Aplica (5)">
                            <label for="frm-productFilter-brandConstraintForm-value-3122">Aplica (5)</label>
                        </div>


                                                         <div class="form-row" style="display: none;">
                            <input type="checkbox" name="value[]" onchange=" $('.filter-ajax-waiting').addClass('show');$(this).closest('form').submit();" id="frm-productFilter-brandConstraintForm-value-1572" value="1572" aria-label="!Aquafresh (5)">
                            <label for="frm-productFilter-brandConstraintForm-value-1572">Aquafresh (5)</label>
                        </div>


                                                         <div class="form-row" style="display: none;">
                            <input type="checkbox" name="value[]" onchange=" $('.filter-ajax-waiting').addClass('show');$(this).closest('form').submit();" id="frm-productFilter-brandConstraintForm-value-396" value="396" aria-label="!Aquila (8)">
                            <label for="frm-productFilter-brandConstraintForm-value-396">Aquila (8)</label>
                        </div>


                                                         <div class="form-row" style="display: none;">
                            <input type="checkbox" name="value[]" onchange=" $('.filter-ajax-waiting').addClass('show');$(this).closest('form').submit();" id="frm-productFilter-brandConstraintForm-value-779" value="779" aria-label="!Ardo (7)">
                            <label for="frm-productFilter-brandConstraintForm-value-779">Ardo (7)</label>
                        </div>


                            <div class="form-row">
                            <input type="checkbox" name="value[]" onchange=" $('.filter-ajax-waiting').addClass('show');$(this).closest('form').submit();" id="frm-productFilter-brandConstraintForm-value-25" value="25" aria-label="!Ariel (38)">
                            <label for="frm-productFilter-brandConstraintForm-value-25">Ariel (38)</label>
                        </div>


                                                         <div class="form-row" style="display: none;">
                            <input type="checkbox" name="value[]" onchange=" $('.filter-ajax-waiting').addClass('show');$(this).closest('form').submit();" id="frm-productFilter-brandConstraintForm-value-2876" value="2876" aria-label="!Arina (1)">
                            <label for="frm-productFilter-brandConstraintForm-value-2876">Arina (1)</label>
                        </div>


                                                         <div class="form-row" style="display: none;">
                            <input type="checkbox" name="value[]" onchange=" $('.filter-ajax-waiting').addClass('show');$(this).closest('form').submit();" id="frm-productFilter-brandConstraintForm-value-3243" value="3243" aria-label="!Arpex (1)">
                            <label for="frm-productFilter-brandConstraintForm-value-3243">Arpex (1)</label>
                        </div>


                                                         <div class="form-row" style="display: none;">
                            <input type="checkbox" name="value[]" onchange=" $('.filter-ajax-waiting').addClass('show');$(this).closest('form').submit();" id="frm-productFilter-brandConstraintForm-value-2642" value="2642" aria-label="!Arrighi (2)">
                            <label for="frm-productFilter-brandConstraintForm-value-2642">Arrighi (2)</label>
                        </div>


                                                         <div class="form-row" style="display: none;">
                            <input type="checkbox" name="value[]" onchange=" $('.filter-ajax-waiting').addClass('show');$(this).closest('form').submit();" id="frm-productFilter-brandConstraintForm-value-3065" value="3065" aria-label="!ArtSpritz (1)">
                            <label for="frm-productFilter-brandConstraintForm-value-3065">ArtSpritz (1)</label>
                        </div>


                                                         <div class="form-row" style="display: none;">
                            <input type="checkbox" name="value[]" onchange=" $('.filter-ajax-waiting').addClass('show');$(this).closest('form').submit();" id="frm-productFilter-brandConstraintForm-value-2626" value="2626" aria-label="!Asan (1)">
                            <label for="frm-productFilter-brandConstraintForm-value-2626">Asan (1)</label>
                        </div>


                                                         <div class="form-row" style="display: none;">
                            <input type="checkbox" name="value[]" onchange=" $('.filter-ajax-waiting').addClass('show');$(this).closest('form').submit();" id="frm-productFilter-brandConstraintForm-value-3483" value="3483" aria-label="!Asia Style (5)">
                            <label for="frm-productFilter-brandConstraintForm-value-3483">Asia Style (5)</label>
                        </div>


                                                         <div class="form-row" style="display: none;">
                            <input type="checkbox" name="value[]" onchange=" $('.filter-ajax-waiting').addClass('show');$(this).closest('form').submit();" id="frm-productFilter-brandConstraintForm-value-3254" value="3254" aria-label="!Asiana (1)">
                            <label for="frm-productFilter-brandConstraintForm-value-3254">Asiana (1)</label>
                        </div>


                                                         <div class="form-row" style="display: none;">
                            <input type="checkbox" name="value[]" onchange=" $('.filter-ajax-waiting').addClass('show');$(this).closest('form').submit();" id="frm-productFilter-brandConstraintForm-value-52" value="52" aria-label="!Astrid (29)">
                            <label for="frm-productFilter-brandConstraintForm-value-52">Astrid (29)</label>
                        </div>


                                                         <div class="form-row" style="display: none;">
                            <input type="checkbox" name="value[]" onchange=" $('.filter-ajax-waiting').addClass('show');$(this).closest('form').submit();" id="frm-productFilter-brandConstraintForm-value-3336" value="3336" aria-label="!Atak (1)">
                            <label for="frm-productFilter-brandConstraintForm-value-3336">Atak (1)</label>
                        </div>


                                                         <div class="form-row" style="display: none;">
                            <input type="checkbox" name="value[]" onchange=" $('.filter-ajax-waiting').addClass('show');$(this).closest('form').submit();" id="frm-productFilter-brandConstraintForm-value-3330" value="3330" aria-label="!Atrix (1)">
                            <label for="frm-productFilter-brandConstraintForm-value-3330">Atrix (1)</label>
                        </div>


                                                         <div class="form-row" style="display: none;">
                            <input type="checkbox" name="value[]" onchange=" $('.filter-ajax-waiting').addClass('show');$(this).closest('form').submit();" id="frm-productFilter-brandConstraintForm-value-2300" value="2300" aria-label="!Attitude (1)">
                            <label for="frm-productFilter-brandConstraintForm-value-2300">Attitude (1)</label>
                        </div>


                                                         <div class="form-row" style="display: none;">
                            <input type="checkbox" name="value[]" onchange=" $('.filter-ajax-waiting').addClass('show');$(this).closest('form').submit();" id="frm-productFilter-brandConstraintForm-value-461" value="461" aria-label="!Augustiniánský Sklep (1)">
                            <label for="frm-productFilter-brandConstraintForm-value-461">Augustiniánský Sklep (1)</label>
                        </div>


                                                         <div class="form-row" style="display: none;">
                            <input type="checkbox" name="value[]" onchange=" $('.filter-ajax-waiting').addClass('show');$(this).closest('form').submit();" id="frm-productFilter-brandConstraintForm-value-2473" value="2473" aria-label="!Aurvin Flowers (1)">
                            <label for="frm-productFilter-brandConstraintForm-value-2473">Aurvin Flowers (1)</label>
                        </div>


                                                         <div class="form-row" style="display: none;">
                            <input type="checkbox" name="value[]" onchange=" $('.filter-ajax-waiting').addClass('show');$(this).closest('form').submit();" id="frm-productFilter-brandConstraintForm-value-638" value="638" aria-label="!Australian Bush (2)">
                            <label for="frm-productFilter-brandConstraintForm-value-638">Australian Bush (2)</label>
                        </div>


                                                         <div class="form-row" style="display: none;">
                            <input type="checkbox" name="value[]" onchange=" $('.filter-ajax-waiting').addClass('show');$(this).closest('form').submit();" id="frm-productFilter-brandConstraintForm-value-493" value="493" aria-label="!Avanti (1)">
                            <label for="frm-productFilter-brandConstraintForm-value-493">Avanti (1)</label>
                        </div>


                                                         <div class="form-row" style="display: none;">
                            <input type="checkbox" name="value[]" onchange=" $('.filter-ajax-waiting').addClass('show');$(this).closest('form').submit();" id="frm-productFilter-brandConstraintForm-value-1694" value="1694" aria-label="!Avokádo (5)">
                            <label for="frm-productFilter-brandConstraintForm-value-1694">Avokádo (5)</label>
                        </div>


                                                         <div class="form-row" style="display: none;">
                            <input type="checkbox" name="value[]" onchange=" $('.filter-ajax-waiting').addClass('show');$(this).closest('form').submit();" id="frm-productFilter-brandConstraintForm-value-69" value="69" aria-label="!Axe (22)">
                            <label for="frm-productFilter-brandConstraintForm-value-69">Axe (22)</label>
                        </div>


                                                         <div class="form-row" style="display: none;">
                            <input type="checkbox" name="value[]" onchange=" $('.filter-ajax-waiting').addClass('show');$(this).closest('form').submit();" id="frm-productFilter-brandConstraintForm-value-1568" value="1568" aria-label="!B.U. (4)">
                            <label for="frm-productFilter-brandConstraintForm-value-1568">B.U. (4)</label>
                        </div>


                                                         <div class="form-row" style="display: none;">
                            <input type="checkbox" name="value[]" onchange=" $('.filter-ajax-waiting').addClass('show');$(this).closest('form').submit();" id="frm-productFilter-brandConstraintForm-value-2155" value="2155" aria-label="!BONITAS (4)">
                            <label for="frm-productFilter-brandConstraintForm-value-2155">BONITAS (4)</label>
                        </div>


                                                         <div class="form-row" style="display: none;">
                            <input type="checkbox" name="value[]" onchange=" $('.filter-ajax-waiting').addClass('show');$(this).closest('form').submit();" id="frm-productFilter-brandConstraintForm-value-36" value="36" aria-label="!BRIL (1)">
                            <label for="frm-productFilter-brandConstraintForm-value-36">BRIL (1)</label>
                        </div>


                                                         <div class="form-row" style="display: none;">
                            <input type="checkbox" name="value[]" onchange=" $('.filter-ajax-waiting').addClass('show');$(this).closest('form').submit();" id="frm-productFilter-brandConstraintForm-value-513" value="513" aria-label="!Bacardi (9)">
                            <label for="frm-productFilter-brandConstraintForm-value-513">Bacardi (9)</label>
                        </div>


                                                         <div class="form-row" style="display: none;">
                            <input type="checkbox" name="value[]" onchange=" $('.filter-ajax-waiting').addClass('show');$(this).closest('form').submit();" id="frm-productFilter-brandConstraintForm-value-3282" value="3282" aria-label="!Bachata (1)">
                            <label for="frm-productFilter-brandConstraintForm-value-3282">Bachata (1)</label>
                        </div>


                                                         <div class="form-row" style="display: none;">
                            <input type="checkbox" name="value[]" onchange=" $('.filter-ajax-waiting').addClass('show');$(this).closest('form').submit();" id="frm-productFilter-brandConstraintForm-value-295" value="295" aria-label="!Bad Reichenhaller (1)">
                            <label for="frm-productFilter-brandConstraintForm-value-295">Bad Reichenhaller (1)</label>
                        </div>


                                                         <div class="form-row" style="display: none;">
                            <input type="checkbox" name="value[]" onchange=" $('.filter-ajax-waiting').addClass('show');$(this).closest('form').submit();" id="frm-productFilter-brandConstraintForm-value-318" value="318" aria-label="!Bahak (1)">
                            <label for="frm-productFilter-brandConstraintForm-value-318">Bahak (1)</label>
                        </div>


                                                         <div class="form-row" style="display: none;">
                            <input type="checkbox" name="value[]" onchange=" $('.filter-ajax-waiting').addClass('show');$(this).closest('form').submit();" id="frm-productFilter-brandConstraintForm-value-2062" value="2062" aria-label="!Bahlsen (5)">
                            <label for="frm-productFilter-brandConstraintForm-value-2062">Bahlsen (5)</label>
                        </div>


                                                         <div class="form-row" style="display: none;">
                            <input type="checkbox" name="value[]" onchange=" $('.filter-ajax-waiting').addClass('show');$(this).closest('form').submit();" id="frm-productFilter-brandConstraintForm-value-1731" value="1731" aria-label="!Bailey's (1)">
                            <label for="frm-productFilter-brandConstraintForm-value-1731">Bailey's (1)</label>
                        </div>


                                                         <div class="form-row" style="display: none;">
                            <input type="checkbox" name="value[]" onchange=" $('.filter-ajax-waiting').addClass('show');$(this).closest('form').submit();" id="frm-productFilter-brandConstraintForm-value-571" value="571" aria-label="!Baileys (1)">
                            <label for="frm-productFilter-brandConstraintForm-value-571">Baileys (1)</label>
                        </div>


                                                         <div class="form-row" style="display: none;">
                            <input type="checkbox" name="value[]" onchange=" $('.filter-ajax-waiting').addClass('show');$(this).closest('form').submit();" id="frm-productFilter-brandConstraintForm-value-2832" value="2832" aria-label="!Bal home (1)">
                            <label for="frm-productFilter-brandConstraintForm-value-2832">Bal home (1)</label>
                        </div>


                                                         <div class="form-row" style="display: none;">
                            <input type="checkbox" name="value[]" onchange=" $('.filter-ajax-waiting').addClass('show');$(this).closest('form').submit();" id="frm-productFilter-brandConstraintForm-value-92" value="92" aria-label="!Balconi (3)">
                            <label for="frm-productFilter-brandConstraintForm-value-92">Balconi (3)</label>
                        </div>


                                                         <div class="form-row" style="display: none;">
                            <input type="checkbox" name="value[]" onchange=" $('.filter-ajax-waiting').addClass('show');$(this).closest('form').submit();" id="frm-productFilter-brandConstraintForm-value-528" value="528" aria-label="!Ballantine's (2)">
                            <label for="frm-productFilter-brandConstraintForm-value-528">Ballantine's (2)</label>
                        </div>


                                                         <div class="form-row" style="display: none;">
                            <input type="checkbox" name="value[]" onchange=" $('.filter-ajax-waiting').addClass('show');$(this).closest('form').submit();" id="frm-productFilter-brandConstraintForm-value-2968" value="2968" aria-label="!Ballantine´s  (1)">
                            <label for="frm-productFilter-brandConstraintForm-value-2968">Ballantine´s  (1)</label>
                        </div>


                            <div class="form-row">
                            <input type="checkbox" name="value[]" onchange=" $('.filter-ajax-waiting').addClass('show');$(this).closest('form').submit();" id="frm-productFilter-brandConstraintForm-value-670" value="670" aria-label="!Banquet (40)">
                            <label for="frm-productFilter-brandConstraintForm-value-670">Banquet (40)</label>
                        </div>


                                                         <div class="form-row" style="display: none;">
                            <input type="checkbox" name="value[]" onchange=" $('.filter-ajax-waiting').addClass('show');$(this).closest('form').submit();" id="frm-productFilter-brandConstraintForm-value-3321" value="3321" aria-label="!Baron Philippe de Rothschild (2)">
                            <label for="frm-productFilter-brandConstraintForm-value-3321">Baron Philippe de Rothschild (2)</label>
                        </div>


                                                         <div class="form-row" style="display: none;">
                            <input type="checkbox" name="value[]" onchange=" $('.filter-ajax-waiting').addClass('show');$(this).closest('form').submit();" id="frm-productFilter-brandConstraintForm-value-2307" value="2307" aria-label="!Baron de Lestac (1)">
                            <label for="frm-productFilter-brandConstraintForm-value-2307">Baron de Lestac (1)</label>
                        </div>


                                                         <div class="form-row" style="display: none;">
                            <input type="checkbox" name="value[]" onchange=" $('.filter-ajax-waiting').addClass('show');$(this).closest('form').submit();" id="frm-productFilter-brandConstraintForm-value-1315" value="1315" aria-label="!Bartida (2)">
                            <label for="frm-productFilter-brandConstraintForm-value-1315">Bartida (2)</label>
                        </div>


                                                         <div class="form-row" style="display: none;">
                            <input type="checkbox" name="value[]" onchange=" $('.filter-ajax-waiting').addClass('show');$(this).closest('form').submit();" id="frm-productFilter-brandConstraintForm-value-2894" value="2894" aria-label="!Bear Beer (5)">
                            <label for="frm-productFilter-brandConstraintForm-value-2894">Bear Beer (5)</label>
                        </div>


                                                         <div class="form-row" style="display: none;">
                            <input type="checkbox" name="value[]" onchange=" $('.filter-ajax-waiting').addClass('show');$(this).closest('form').submit();" id="frm-productFilter-brandConstraintForm-value-2145" value="2145" aria-label="!Bebivita (2)">
                            <label for="frm-productFilter-brandConstraintForm-value-2145">Bebivita (2)</label>
                        </div>


                                                         <div class="form-row" style="display: none;">
                            <input type="checkbox" name="value[]" onchange=" $('.filter-ajax-waiting').addClass('show');$(this).closest('form').submit();" id="frm-productFilter-brandConstraintForm-value-560" value="560" aria-label="!Becherovka (4)">
                            <label for="frm-productFilter-brandConstraintForm-value-560">Becherovka (4)</label>
                        </div>


                                                         <div class="form-row" style="display: none;">
                            <input type="checkbox" name="value[]" onchange=" $('.filter-ajax-waiting').addClass('show');$(this).closest('form').submit();" id="frm-productFilter-brandConstraintForm-value-500" value="500" aria-label="!Beefeater (5)">
                            <label for="frm-productFilter-brandConstraintForm-value-500">Beefeater (5)</label>
                        </div>


                                                         <div class="form-row" style="display: none;">
                            <input type="checkbox" name="value[]" onchange=" $('.filter-ajax-waiting').addClass('show');$(this).closest('form').submit();" id="frm-productFilter-brandConstraintForm-value-959" value="959" aria-label="!Belgian (1)">
                            <label for="frm-productFilter-brandConstraintForm-value-959">Belgian (1)</label>
                        </div>


                                                         <div class="form-row" style="display: none;">
                            <input type="checkbox" name="value[]" onchange=" $('.filter-ajax-waiting').addClass('show');$(this).closest('form').submit();" id="frm-productFilter-brandConstraintForm-value-1867" value="1867" aria-label="!Bella Baby (15)">
                            <label for="frm-productFilter-brandConstraintForm-value-1867">Bella Baby (15)</label>
                        </div>


                                                         <div class="form-row" style="display: none;">
                            <input type="checkbox" name="value[]" onchange=" $('.filter-ajax-waiting').addClass('show');$(this).closest('form').submit();" id="frm-productFilter-brandConstraintForm-value-3086" value="3086" aria-label="!Bella Happy (11)">
                            <label for="frm-productFilter-brandConstraintForm-value-3086">Bella Happy (11)</label>
                        </div>


                                                         <div class="form-row" style="display: none;">
                            <input type="checkbox" name="value[]" onchange=" $('.filter-ajax-waiting').addClass('show');$(this).closest('form').submit();" id="frm-productFilter-brandConstraintForm-value-3246" value="3246" aria-label="!Bellinda (1)">
                            <label for="frm-productFilter-brandConstraintForm-value-3246">Bellinda (1)</label>
                        </div>


                                                         <div class="form-row" style="display: none;">
                            <input type="checkbox" name="value[]" onchange=" $('.filter-ajax-waiting').addClass('show');$(this).closest('form').submit();" id="frm-productFilter-brandConstraintForm-value-2920" value="2920" aria-label="!Beluga (1)">
                            <label for="frm-productFilter-brandConstraintForm-value-2920">Beluga (1)</label>
                        </div>


                                                         <div class="form-row" style="display: none;">
                            <input type="checkbox" name="value[]" onchange=" $('.filter-ajax-waiting').addClass('show');$(this).closest('form').submit();" id="frm-productFilter-brandConstraintForm-value-3015" value="3015" aria-label="!Beneta (3)">
                            <label for="frm-productFilter-brandConstraintForm-value-3015">Beneta (3)</label>
                        </div>


                                                         <div class="form-row" style="display: none;">
                            <input type="checkbox" name="value[]" onchange=" $('.filter-ajax-waiting').addClass('show');$(this).closest('form').submit();" id="frm-productFilter-brandConstraintForm-value-3547" value="3547" aria-label="!Beni (3)">
                            <label for="frm-productFilter-brandConstraintForm-value-3547">Beni (3)</label>
                        </div>


                                                         <div class="form-row" style="display: none;">
                            <input type="checkbox" name="value[]" onchange=" $('.filter-ajax-waiting').addClass('show');$(this).closest('form').submit();" id="frm-productFilter-brandConstraintForm-value-572" value="572" aria-label="!Berentzen (8)">
                            <label for="frm-productFilter-brandConstraintForm-value-572">Berentzen (8)</label>
                        </div>


                                                         <div class="form-row" style="display: none;">
                            <input type="checkbox" name="value[]" onchange=" $('.filter-ajax-waiting').addClass('show');$(this).closest('form').submit();" id="frm-productFilter-brandConstraintForm-value-242" value="242" aria-label="!Bersi (2)">
                            <label for="frm-productFilter-brandConstraintForm-value-242">Bersi (2)</label>
                        </div>


                                                         <div class="form-row" style="display: none;">
                            <input type="checkbox" name="value[]" onchange=" $('.filter-ajax-waiting').addClass('show');$(this).closest('form').submit();" id="frm-productFilter-brandConstraintForm-value-99" value="99" aria-label="!Beskyd (1)">
                            <label for="frm-productFilter-brandConstraintForm-value-99">Beskyd (1)</label>
                        </div>


                            <div class="form-row">
                            <input type="checkbox" name="value[]" onchange=" $('.filter-ajax-waiting').addClass('show');$(this).closest('form').submit();" id="frm-productFilter-brandConstraintForm-value-87" value="87" aria-label="!Bez značky (388)">
                            <label for="frm-productFilter-brandConstraintForm-value-87">Bez značky (388)</label>
                        </div>


                                                         <div class="form-row" style="display: none;">
                            <input type="checkbox" name="value[]" onchange=" $('.filter-ajax-waiting').addClass('show');$(this).closest('form').submit();" id="frm-productFilter-brandConstraintForm-value-2417" value="2417" aria-label="!Bibi (1)">
                            <label for="frm-productFilter-brandConstraintForm-value-2417">Bibi (1)</label>
                        </div>


                                                         <div class="form-row" style="display: none;">
                            <input type="checkbox" name="value[]" onchange=" $('.filter-ajax-waiting').addClass('show');$(this).closest('form').submit();" id="frm-productFilter-brandConstraintForm-value-2288" value="2288" aria-label="!Bidvest (3)">
                            <label for="frm-productFilter-brandConstraintForm-value-2288">Bidvest (3)</label>
                        </div>


                                                         <div class="form-row" style="display: none;">
                            <input type="checkbox" name="value[]" onchange=" $('.filter-ajax-waiting').addClass('show');$(this).closest('form').submit();" id="frm-productFilter-brandConstraintForm-value-1307" value="1307" aria-label="!Big Soft (1)">
                            <label for="frm-productFilter-brandConstraintForm-value-1307">Big Soft (1)</label>
                        </div>


                                                         <div class="form-row" style="display: none;">
                            <input type="checkbox" name="value[]" onchange=" $('.filter-ajax-waiting').addClass('show');$(this).closest('form').submit();" id="frm-productFilter-brandConstraintForm-value-3499" value="3499" aria-label="!Bio Babby (2)">
                            <label for="frm-productFilter-brandConstraintForm-value-3499">Bio Babby (2)</label>
                        </div>


                                                         <div class="form-row" style="display: none;">
                            <input type="checkbox" name="value[]" onchange=" $('.filter-ajax-waiting').addClass('show');$(this).closest('form').submit();" id="frm-productFilter-brandConstraintForm-value-942" value="942" aria-label="!Bio Harmonie (8)">
                            <label for="frm-productFilter-brandConstraintForm-value-942">Bio Harmonie (8)</label>
                        </div>


                                                         <div class="form-row" style="display: none;">
                            <input type="checkbox" name="value[]" onchange=" $('.filter-ajax-waiting').addClass('show');$(this).closest('form').submit();" id="frm-productFilter-brandConstraintForm-value-3450" value="3450" aria-label="!Bioderma (5)">
                            <label for="frm-productFilter-brandConstraintForm-value-3450">Bioderma (5)</label>
                        </div>


                                                         <div class="form-row" style="display: none;">
                            <input type="checkbox" name="value[]" onchange=" $('.filter-ajax-waiting').addClass('show');$(this).closest('form').submit();" id="frm-productFilter-brandConstraintForm-value-3356" value="3356" aria-label="!Biofficina Toscana (15)">
                            <label for="frm-productFilter-brandConstraintForm-value-3356">Biofficina Toscana (15)</label>
                        </div>


                                                         <div class="form-row" style="display: none;">
                            <input type="checkbox" name="value[]" onchange=" $('.filter-ajax-waiting').addClass('show');$(this).closest('form').submit();" id="frm-productFilter-brandConstraintForm-value-2199" value="2199" aria-label="!Bioharmonie (2)">
                            <label for="frm-productFilter-brandConstraintForm-value-2199">Bioharmonie (2)</label>
                        </div>


                                                         <div class="form-row" style="display: none;">
                            <input type="checkbox" name="value[]" onchange=" $('.filter-ajax-waiting').addClass('show');$(this).closest('form').submit();" id="frm-productFilter-brandConstraintForm-value-2312" value="2312" aria-label="!Biokat's (2)">
                            <label for="frm-productFilter-brandConstraintForm-value-2312">Biokat's (2)</label>
                        </div>


                                                         <div class="form-row" style="display: none;">
                            <input type="checkbox" name="value[]" onchange=" $('.filter-ajax-waiting').addClass('show');$(this).closest('form').submit();" id="frm-productFilter-brandConstraintForm-value-940" value="940" aria-label="!Biolinie (7)">
                            <label for="frm-productFilter-brandConstraintForm-value-940">Biolinie (7)</label>
                        </div>


                                                         <div class="form-row" style="display: none;">
                            <input type="checkbox" name="value[]" onchange=" $('.filter-ajax-waiting').addClass('show');$(this).closest('form').submit();" id="frm-productFilter-brandConstraintForm-value-3384" value="3384" aria-label="!Bione (8)">
                            <label for="frm-productFilter-brandConstraintForm-value-3384">Bione (8)</label>
                        </div>


                                                         <div class="form-row" style="display: none;">
                            <input type="checkbox" name="value[]" onchange=" $('.filter-ajax-waiting').addClass('show');$(this).closest('form').submit();" id="frm-productFilter-brandConstraintForm-value-2190" value="2190" aria-label="!Bionebio (6)">
                            <label for="frm-productFilter-brandConstraintForm-value-2190">Bionebio (6)</label>
                        </div>


                                                         <div class="form-row" style="display: none;">
                            <input type="checkbox" name="value[]" onchange=" $('.filter-ajax-waiting').addClass('show');$(this).closest('form').submit();" id="frm-productFilter-brandConstraintForm-value-950" value="950" aria-label="!Biopekárna Zemanka (4)">
                            <label for="frm-productFilter-brandConstraintForm-value-950">Biopekárna Zemanka (4)</label>
                        </div>


                                                         <div class="form-row" style="display: none;">
                            <input type="checkbox" name="value[]" onchange=" $('.filter-ajax-waiting').addClass('show');$(this).closest('form').submit();" id="frm-productFilter-brandConstraintForm-value-749" value="749" aria-label="!Bistrol  (1)">
                            <label for="frm-productFilter-brandConstraintForm-value-749">Bistrol  (1)</label>
                        </div>


                                                         <div class="form-row" style="display: none;">
                            <input type="checkbox" name="value[]" onchange=" $('.filter-ajax-waiting').addClass('show');$(this).closest('form').submit();" id="frm-productFilter-brandConstraintForm-value-2827" value="2827" aria-label="!Blasercafé (3)">
                            <label for="frm-productFilter-brandConstraintForm-value-2827">Blasercafé (3)</label>
                        </div>


                                                         <div class="form-row" style="display: none;">
                            <input type="checkbox" name="value[]" onchange=" $('.filter-ajax-waiting').addClass('show');$(this).closest('form').submit();" id="frm-productFilter-brandConstraintForm-value-2775" value="2775" aria-label="!Blend 42 (3)">
                            <label for="frm-productFilter-brandConstraintForm-value-2775">Blend 42 (3)</label>
                        </div>


                                                         <div class="form-row" style="display: none;">
                            <input type="checkbox" name="value[]" onchange=" $('.filter-ajax-waiting').addClass('show');$(this).closest('form').submit();" id="frm-productFilter-brandConstraintForm-value-2751" value="2751" aria-label="!Boccantino (1)">
                            <label for="frm-productFilter-brandConstraintForm-value-2751">Boccantino (1)</label>
                        </div>


                                                         <div class="form-row" style="display: none;">
                            <input type="checkbox" name="value[]" onchange=" $('.filter-ajax-waiting').addClass('show');$(this).closest('form').submit();" id="frm-productFilter-brandConstraintForm-value-3568" value="3568" aria-label="!Bodegas Eguren (1)">
                            <label for="frm-productFilter-brandConstraintForm-value-3568">Bodegas Eguren (1)</label>
                        </div>


                                                         <div class="form-row" style="display: none;">
                            <input type="checkbox" name="value[]" onchange=" $('.filter-ajax-waiting').addClass('show');$(this).closest('form').submit();" id="frm-productFilter-brandConstraintForm-value-2202" value="2202" aria-label="!Bohemia Olej (4)">
                            <label for="frm-productFilter-brandConstraintForm-value-2202">Bohemia Olej (4)</label>
                        </div>


                                                         <div class="form-row" style="display: none;">
                            <input type="checkbox" name="value[]" onchange=" $('.filter-ajax-waiting').addClass('show');$(this).closest('form').submit();" id="frm-productFilter-brandConstraintForm-value-485" value="485" aria-label="!Bohemia Sekt (24)">
                            <label for="frm-productFilter-brandConstraintForm-value-485">Bohemia Sekt (24)</label>
                        </div>


                                                         <div class="form-row" style="display: none;">
                            <input type="checkbox" name="value[]" onchange=" $('.filter-ajax-waiting').addClass('show');$(this).closest('form').submit();" id="frm-productFilter-brandConstraintForm-value-3228" value="3228" aria-label="!Bolsius (7)">
                            <label for="frm-productFilter-brandConstraintForm-value-3228">Bolsius (7)</label>
                        </div>


                                                         <div class="form-row" style="display: none;">
                            <input type="checkbox" name="value[]" onchange=" $('.filter-ajax-waiting').addClass('show');$(this).closest('form').submit();" id="frm-productFilter-brandConstraintForm-value-168" value="168" aria-label="!Bona Vita (4)">
                            <label for="frm-productFilter-brandConstraintForm-value-168">Bona Vita (4)</label>
                        </div>


                                                         <div class="form-row" style="display: none;">
                            <input type="checkbox" name="value[]" onchange=" $('.filter-ajax-waiting').addClass('show');$(this).closest('form').submit();" id="frm-productFilter-brandConstraintForm-value-404" value="404" aria-label="!Bonaqua (6)">
                            <label for="frm-productFilter-brandConstraintForm-value-404">Bonaqua (6)</label>
                        </div>


                                                         <div class="form-row" style="display: none;">
                            <input type="checkbox" name="value[]" onchange=" $('.filter-ajax-waiting').addClass('show');$(this).closest('form').submit();" id="frm-productFilter-brandConstraintForm-value-1302" value="1302" aria-label="!Bonavita (1)">
                            <label for="frm-productFilter-brandConstraintForm-value-1302">Bonavita (1)</label>
                        </div>


                                                         <div class="form-row" style="display: none;">
                            <input type="checkbox" name="value[]" onchange=" $('.filter-ajax-waiting').addClass('show');$(this).closest('form').submit();" id="frm-productFilter-brandConstraintForm-value-280" value="280" aria-label="!Bonduelle (3)">
                            <label for="frm-productFilter-brandConstraintForm-value-280">Bonduelle (3)</label>
                        </div>


                                                         <div class="form-row" style="display: none;">
                            <input type="checkbox" name="value[]" onchange=" $('.filter-ajax-waiting').addClass('show');$(this).closest('form').submit();" id="frm-productFilter-brandConstraintForm-value-135" value="135" aria-label="!Boneco (14)">
                            <label for="frm-productFilter-brandConstraintForm-value-135">Boneco (14)</label>
                        </div>


                                                         <div class="form-row" style="display: none;">
                            <input type="checkbox" name="value[]" onchange=" $('.filter-ajax-waiting').addClass('show');$(this).closest('form').submit();" id="frm-productFilter-brandConstraintForm-value-1545" value="1545" aria-label="!Borges (2)">
                            <label for="frm-productFilter-brandConstraintForm-value-1545">Borges (2)</label>
                        </div>


                                                         <div class="form-row" style="display: none;">
                            <input type="checkbox" name="value[]" onchange=" $('.filter-ajax-waiting').addClass('show');$(this).closest('form').submit();" id="frm-productFilter-brandConstraintForm-value-555" value="555" aria-label="!Boris Jelzin (2)">
                            <label for="frm-productFilter-brandConstraintForm-value-555">Boris Jelzin (2)</label>
                        </div>


                                                         <div class="form-row" style="display: none;">
                            <input type="checkbox" name="value[]" onchange=" $('.filter-ajax-waiting').addClass('show');$(this).closest('form').submit();" id="frm-productFilter-brandConstraintForm-value-2347" value="2347" aria-label="!Bornier (1)">
                            <label for="frm-productFilter-brandConstraintForm-value-2347">Bornier (1)</label>
                        </div>


                                                         <div class="form-row" style="display: none;">
                            <input type="checkbox" name="value[]" onchange=" $('.filter-ajax-waiting').addClass('show');$(this).closest('form').submit();" id="frm-productFilter-brandConstraintForm-value-2463" value="2463" aria-label="!Borotalco (3)">
                            <label for="frm-productFilter-brandConstraintForm-value-2463">Borotalco (3)</label>
                        </div>


                                                         <div class="form-row" style="display: none;">
                            <input type="checkbox" name="value[]" onchange=" $('.filter-ajax-waiting').addClass('show');$(this).closest('form').submit();" id="frm-productFilter-brandConstraintForm-value-3487" value="3487" aria-label="!Bousov (1)">
                            <label for="frm-productFilter-brandConstraintForm-value-3487">Bousov (1)</label>
                        </div>


                                                         <div class="form-row" style="display: none;">
                            <input type="checkbox" name="value[]" onchange=" $('.filter-ajax-waiting').addClass('show');$(this).closest('form').submit();" id="frm-productFilter-brandConstraintForm-value-514" value="514" aria-label="!Božkov (14)">
                            <label for="frm-productFilter-brandConstraintForm-value-514">Božkov (14)</label>
                        </div>


                                                         <div class="form-row" style="display: none;">
                            <input type="checkbox" name="value[]" onchange=" $('.filter-ajax-waiting').addClass('show');$(this).closest('form').submit();" id="frm-productFilter-brandConstraintForm-value-40" value="40" aria-label="!Bref (3)">
                            <label for="frm-productFilter-brandConstraintForm-value-40">Bref (3)</label>
                        </div>


                                                         <div class="form-row" style="display: none;">
                            <input type="checkbox" name="value[]" onchange=" $('.filter-ajax-waiting').addClass('show');$(this).closest('form').submit();" id="frm-productFilter-brandConstraintForm-value-3508" value="3508" aria-label="!Briliantina (1)">
                            <label for="frm-productFilter-brandConstraintForm-value-3508">Briliantina (1)</label>
                        </div>


                                                         <div class="form-row" style="display: none;">
                            <input type="checkbox" name="value[]" onchange=" $('.filter-ajax-waiting').addClass('show');$(this).closest('form').submit();" id="frm-productFilter-brandConstraintForm-value-2287" value="2287" aria-label="!Brise de France (4)">
                            <label for="frm-productFilter-brandConstraintForm-value-2287">Brise de France (4)</label>
                        </div>


                                                         <div class="form-row" style="display: none;">
                            <input type="checkbox" name="value[]" onchange=" $('.filter-ajax-waiting').addClass('show');$(this).closest('form').submit();" id="frm-productFilter-brandConstraintForm-value-2311" value="2311" aria-label="!Brit (2)">
                            <label for="frm-productFilter-brandConstraintForm-value-2311">Brit (2)</label>
                        </div>


                                                         <div class="form-row" style="display: none;">
                            <input type="checkbox" name="value[]" onchange=" $('.filter-ajax-waiting').addClass('show');$(this).closest('form').submit();" id="frm-productFilter-brandConstraintForm-value-2784" value="2784" aria-label="!Brit Care (4)">
                            <label for="frm-productFilter-brandConstraintForm-value-2784">Brit Care (4)</label>
                        </div>


                                                         <div class="form-row" style="display: none;">
                            <input type="checkbox" name="value[]" onchange=" $('.filter-ajax-waiting').addClass('show');$(this).closest('form').submit();" id="frm-productFilter-brandConstraintForm-value-2783" value="2783" aria-label="!Brit Premium (1)">
                            <label for="frm-productFilter-brandConstraintForm-value-2783">Brit Premium (1)</label>
                        </div>


                                                         <div class="form-row" style="display: none;">
                            <input type="checkbox" name="value[]" onchange=" $('.filter-ajax-waiting').addClass('show');$(this).closest('form').submit();" id="frm-productFilter-brandConstraintForm-value-1069" value="1069" aria-label="!Budweiser Budvar (3)">
                            <label for="frm-productFilter-brandConstraintForm-value-1069">Budweiser Budvar (3)</label>
                        </div>


                                                         <div class="form-row" style="display: none;">
                            <input type="checkbox" name="value[]" onchange=" $('.filter-ajax-waiting').addClass('show');$(this).closest('form').submit();" id="frm-productFilter-brandConstraintForm-value-3036" value="3036" aria-label="!Buitoni (5)">
                            <label for="frm-productFilter-brandConstraintForm-value-3036">Buitoni (5)</label>
                        </div>


                                                         <div class="form-row" style="display: none;">
                            <input type="checkbox" name="value[]" onchange=" $('.filter-ajax-waiting').addClass('show');$(this).closest('form').submit();" id="frm-productFilter-brandConstraintForm-value-1449" value="1449" aria-label="!Bílinská Kyselka (2)">
                            <label for="frm-productFilter-brandConstraintForm-value-1449">Bílinská Kyselka (2)</label>
                        </div>


                                                         <div class="form-row" style="display: none;">
                            <input type="checkbox" name="value[]" onchange=" $('.filter-ajax-waiting').addClass('show');$(this).closest('form').submit();" id="frm-productFilter-brandConstraintForm-value-3357" value="3357" aria-label="!C-Thru (5)">
                            <label for="frm-productFilter-brandConstraintForm-value-3357">C-Thru (5)</label>
                        </div>


                                                         <div class="form-row" style="display: none;">
                            <input type="checkbox" name="value[]" onchange=" $('.filter-ajax-waiting').addClass('show');$(this).closest('form').submit();" id="frm-productFilter-brandConstraintForm-value-3381" value="3381" aria-label="!Café Majada (7)">
                            <label for="frm-productFilter-brandConstraintForm-value-3381">Café Majada (7)</label>
                        </div>


                                                         <div class="form-row" style="display: none;">
                            <input type="checkbox" name="value[]" onchange=" $('.filter-ajax-waiting').addClass('show');$(this).closest('form').submit();" id="frm-productFilter-brandConstraintForm-value-2877" value="2877" aria-label="!Cafédirect (1)">
                            <label for="frm-productFilter-brandConstraintForm-value-2877">Cafédirect (1)</label>
                        </div>


                                                         <div class="form-row" style="display: none;">
                            <input type="checkbox" name="value[]" onchange=" $('.filter-ajax-waiting').addClass('show');$(this).closest('form').submit();" id="frm-productFilter-brandConstraintForm-value-743" value="743" aria-label="!Calgon (1)">
                            <label for="frm-productFilter-brandConstraintForm-value-743">Calgon (1)</label>
                        </div>


                                                         <div class="form-row" style="display: none;">
                            <input type="checkbox" name="value[]" onchange=" $('.filter-ajax-waiting').addClass('show');$(this).closest('form').submit();" id="frm-productFilter-brandConstraintForm-value-2394" value="2394" aria-label="!Callipo (2)">
                            <label for="frm-productFilter-brandConstraintForm-value-2394">Callipo (2)</label>
                        </div>


                                                         <div class="form-row" style="display: none;">
                            <input type="checkbox" name="value[]" onchange=" $('.filter-ajax-waiting').addClass('show');$(this).closest('form').submit();" id="frm-productFilter-brandConstraintForm-value-1534" value="1534" aria-label="!Calvo (4)">
                            <label for="frm-productFilter-brandConstraintForm-value-1534">Calvo (4)</label>
                        </div>


                                                         <div class="form-row" style="display: none;">
                            <input type="checkbox" name="value[]" onchange=" $('.filter-ajax-waiting').addClass('show');$(this).closest('form').submit();" id="frm-productFilter-brandConstraintForm-value-3492" value="3492" aria-label="!Campo Viejo (1)">
                            <label for="frm-productFilter-brandConstraintForm-value-3492">Campo Viejo (1)</label>
                        </div>


                                                         <div class="form-row" style="display: none;">
                            <input type="checkbox" name="value[]" onchange=" $('.filter-ajax-waiting').addClass('show');$(this).closest('form').submit();" id="frm-productFilter-brandConstraintForm-value-2641" value="2641" aria-label="!Camus (2)">
                            <label for="frm-productFilter-brandConstraintForm-value-2641">Camus (2)</label>
                        </div>


                                                         <div class="form-row" style="display: none;">
                            <input type="checkbox" name="value[]" onchange=" $('.filter-ajax-waiting').addClass('show');$(this).closest('form').submit();" id="frm-productFilter-brandConstraintForm-value-1086" value="1086" aria-label="!Capitan Bucanero (1)">
                            <label for="frm-productFilter-brandConstraintForm-value-1086">Capitan Bucanero (1)</label>
                        </div>


                                                         <div class="form-row" style="display: none;">
                            <input type="checkbox" name="value[]" onchange=" $('.filter-ajax-waiting').addClass('show');$(this).closest('form').submit();" id="frm-productFilter-brandConstraintForm-value-381" value="381" aria-label="!Cappy (12)">
                            <label for="frm-productFilter-brandConstraintForm-value-381">Cappy (12)</label>
                        </div>


                                                         <div class="form-row" style="display: none;">
                            <input type="checkbox" name="value[]" onchange=" $('.filter-ajax-waiting').addClass('show');$(this).closest('form').submit();" id="frm-productFilter-brandConstraintForm-value-388" value="388" aria-label="!Caprio (1)">
                            <label for="frm-productFilter-brandConstraintForm-value-388">Caprio (1)</label>
                        </div>


                                                         <div class="form-row" style="display: none;">
                            <input type="checkbox" name="value[]" onchange=" $('.filter-ajax-waiting').addClass('show');$(this).closest('form').submit();" id="frm-productFilter-brandConstraintForm-value-1088" value="1088" aria-label="!Captain Morgan (4)">
                            <label for="frm-productFilter-brandConstraintForm-value-1088">Captain Morgan (4)</label>
                        </div>


                                                         <div class="form-row" style="display: none;">
                            <input type="checkbox" name="value[]" onchange=" $('.filter-ajax-waiting').addClass('show');$(this).closest('form').submit();" id="frm-productFilter-brandConstraintForm-value-2617" value="2617" aria-label="!Captain Silver (1)">
                            <label for="frm-productFilter-brandConstraintForm-value-2617">Captain Silver (1)</label>
                        </div>


                                                         <div class="form-row" style="display: none;">
                            <input type="checkbox" name="value[]" onchange=" $('.filter-ajax-waiting').addClass('show');$(this).closest('form').submit();" id="frm-productFilter-brandConstraintForm-value-1982" value="1982" aria-label="!Carefree (2)">
                            <label for="frm-productFilter-brandConstraintForm-value-1982">Carefree (2)</label>
                        </div>


                                                         <div class="form-row" style="display: none;">
                            <input type="checkbox" name="value[]" onchange=" $('.filter-ajax-waiting').addClass('show');$(this).closest('form').submit();" id="frm-productFilter-brandConstraintForm-value-1541" value="1541" aria-label="!Carling (1)">
                            <label for="frm-productFilter-brandConstraintForm-value-1541">Carling (1)</label>
                        </div>


                                                         <div class="form-row" style="display: none;">
                            <input type="checkbox" name="value[]" onchange=" $('.filter-ajax-waiting').addClass('show');$(this).closest('form').submit();" id="frm-productFilter-brandConstraintForm-value-573" value="573" aria-label="!Carolans (1)">
                            <label for="frm-productFilter-brandConstraintForm-value-573">Carolans (1)</label>
                        </div>


                                                         <div class="form-row" style="display: none;">
                            <input type="checkbox" name="value[]" onchange=" $('.filter-ajax-waiting').addClass('show');$(this).closest('form').submit();" id="frm-productFilter-brandConstraintForm-value-2844" value="2844" aria-label="!Carskoe (3)">
                            <label for="frm-productFilter-brandConstraintForm-value-2844">Carskoe (3)</label>
                        </div>


                                                         <div class="form-row" style="display: none;">
                            <input type="checkbox" name="value[]" onchange=" $('.filter-ajax-waiting').addClass('show');$(this).closest('form').submit();" id="frm-productFilter-brandConstraintForm-value-2384" value="2384" aria-label="!Casa Rinaldi (12)">
                            <label for="frm-productFilter-brandConstraintForm-value-2384">Casa Rinaldi (12)</label>
                        </div>


                                                         <div class="form-row" style="display: none;">
                            <input type="checkbox" name="value[]" onchange=" $('.filter-ajax-waiting').addClass('show');$(this).closest('form').submit();" id="frm-productFilter-brandConstraintForm-value-206" value="206" aria-label="!Casali (3)">
                            <label for="frm-productFilter-brandConstraintForm-value-206">Casali (3)</label>
                        </div>


                                                         <div class="form-row" style="display: none;">
                            <input type="checkbox" name="value[]" onchange=" $('.filter-ajax-waiting').addClass('show');$(this).closest('form').submit();" id="frm-productFilter-brandConstraintForm-value-2971" value="2971" aria-label="!Cavicchi (1)">
                            <label for="frm-productFilter-brandConstraintForm-value-2971">Cavicchi (1)</label>
                        </div>


                                                         <div class="form-row" style="display: none;">
                            <input type="checkbox" name="value[]" onchange=" $('.filter-ajax-waiting').addClass('show');$(this).closest('form').submit();" id="frm-productFilter-brandConstraintForm-value-2508" value="2508" aria-label="!Centropen (1)">
                            <label for="frm-productFilter-brandConstraintForm-value-2508">Centropen (1)</label>
                        </div>


                                                         <div class="form-row" style="display: none;">
                            <input type="checkbox" name="value[]" onchange=" $('.filter-ajax-waiting').addClass('show');$(this).closest('form').submit();" id="frm-productFilter-brandConstraintForm-value-3564" value="3564" aria-label="!Chambord (1)">
                            <label for="frm-productFilter-brandConstraintForm-value-3564">Chambord (1)</label>
                        </div>


                                                         <div class="form-row" style="display: none;">
                            <input type="checkbox" name="value[]" onchange=" $('.filter-ajax-waiting').addClass('show');$(this).closest('form').submit();" id="frm-productFilter-brandConstraintForm-value-2306" value="2306" aria-label="!Chateau (7)">
                            <label for="frm-productFilter-brandConstraintForm-value-2306">Chateau (7)</label>
                        </div>


                                                         <div class="form-row" style="display: none;">
                            <input type="checkbox" name="value[]" onchange=" $('.filter-ajax-waiting').addClass('show');$(this).closest('form').submit();" id="frm-productFilter-brandConstraintForm-value-462" value="462" aria-label="!Chateau Bzenec (1)">
                            <label for="frm-productFilter-brandConstraintForm-value-462">Chateau Bzenec (1)</label>
                        </div>


                                                         <div class="form-row" style="display: none;">
                            <input type="checkbox" name="value[]" onchange=" $('.filter-ajax-waiting').addClass('show');$(this).closest('form').submit();" id="frm-productFilter-brandConstraintForm-value-3230" value="3230" aria-label="!Chillila (2)">
                            <label for="frm-productFilter-brandConstraintForm-value-3230">Chillila (2)</label>
                        </div>


                                                         <div class="form-row" style="display: none;">
                            <input type="checkbox" name="value[]" onchange=" $('.filter-ajax-waiting').addClass('show');$(this).closest('form').submit();" id="frm-productFilter-brandConstraintForm-value-2267" value="2267" aria-label="!Chilly (1)">
                            <label for="frm-productFilter-brandConstraintForm-value-2267">Chilly (1)</label>
                        </div>


                                                         <div class="form-row" style="display: none;">
                            <input type="checkbox" name="value[]" onchange=" $('.filter-ajax-waiting').addClass('show');$(this).closest('form').submit();" id="frm-productFilter-brandConstraintForm-value-2229" value="2229" aria-label="!Chimpanzee (1)">
                            <label for="frm-productFilter-brandConstraintForm-value-2229">Chimpanzee (1)</label>
                        </div>


                                                         <div class="form-row" style="display: none;">
                            <input type="checkbox" name="value[]" onchange=" $('.filter-ajax-waiting').addClass('show');$(this).closest('form').submit();" id="frm-productFilter-brandConstraintForm-value-243" value="243" aria-label="!Chio (2)">
                            <label for="frm-productFilter-brandConstraintForm-value-243">Chio (2)</label>
                        </div>


                                                         <div class="form-row" style="display: none;">
                            <input type="checkbox" name="value[]" onchange=" $('.filter-ajax-waiting').addClass('show');$(this).closest('form').submit();" id="frm-productFilter-brandConstraintForm-value-530" value="530" aria-label="!Chivas Regal (3)">
                            <label for="frm-productFilter-brandConstraintForm-value-530">Chivas Regal (3)</label>
                        </div>


                                                         <div class="form-row" style="display: none;">
                            <input type="checkbox" name="value[]" onchange=" $('.filter-ajax-waiting').addClass('show');$(this).closest('form').submit();" id="frm-productFilter-brandConstraintForm-value-108" value="108" aria-label="!Choceňská Mlékárna (6)">
                            <label for="frm-productFilter-brandConstraintForm-value-108">Choceňská Mlékárna (6)</label>
                        </div>


                                                         <div class="form-row" style="display: none;">
                            <input type="checkbox" name="value[]" onchange=" $('.filter-ajax-waiting').addClass('show');$(this).closest('form').submit();" id="frm-productFilter-brandConstraintForm-value-187" value="187" aria-label="!Chocoland (31)">
                            <label for="frm-productFilter-brandConstraintForm-value-187">Chocoland (31)</label>
                        </div>


                                                         <div class="form-row" style="display: none;">
                            <input type="checkbox" name="value[]" onchange=" $('.filter-ajax-waiting').addClass('show');$(this).closest('form').submit();" id="frm-productFilter-brandConstraintForm-value-1364" value="1364" aria-label="!Chodura (3)">
                            <label for="frm-productFilter-brandConstraintForm-value-1364">Chodura (3)</label>
                        </div>


                                                         <div class="form-row" style="display: none;">
                            <input type="checkbox" name="value[]" onchange=" $('.filter-ajax-waiting').addClass('show');$(this).closest('form').submit();" id="frm-productFilter-brandConstraintForm-value-464" value="464" aria-label="!Château Valtice (5)">
                            <label for="frm-productFilter-brandConstraintForm-value-464">Château Valtice (5)</label>
                        </div>


                                                         <div class="form-row" style="display: none;">
                            <input type="checkbox" name="value[]" onchange=" $('.filter-ajax-waiting').addClass('show');$(this).closest('form').submit();" id="frm-productFilter-brandConstraintForm-value-474" value="474" aria-label="!Cielo (2)">
                            <label for="frm-productFilter-brandConstraintForm-value-474">Cielo (2)</label>
                        </div>


                                                         <div class="form-row" style="display: none;">
                            <input type="checkbox" name="value[]" onchange=" $('.filter-ajax-waiting').addClass('show');$(this).closest('form').submit();" id="frm-productFilter-brandConstraintForm-value-1917" value="1917" aria-label="!Cillit (1)">
                            <label for="frm-productFilter-brandConstraintForm-value-1917">Cillit (1)</label>
                        </div>


                                                         <div class="form-row" style="display: none;">
                            <input type="checkbox" name="value[]" onchange=" $('.filter-ajax-waiting').addClass('show');$(this).closest('form').submit();" id="frm-productFilter-brandConstraintForm-value-1916" value="1916" aria-label="!Cillit Bang (2)">
                            <label for="frm-productFilter-brandConstraintForm-value-1916">Cillit Bang (2)</label>
                        </div>


                                                         <div class="form-row" style="display: none;">
                            <input type="checkbox" name="value[]" onchange=" $('.filter-ajax-waiting').addClass('show');$(this).closest('form').submit();" id="frm-productFilter-brandConstraintForm-value-491" value="491" aria-label="!Cinzano (1)">
                            <label for="frm-productFilter-brandConstraintForm-value-491">Cinzano (1)</label>
                        </div>


                                                         <div class="form-row" style="display: none;">
                            <input type="checkbox" name="value[]" onchange=" $('.filter-ajax-waiting').addClass('show');$(this).closest('form').submit();" id="frm-productFilter-brandConstraintForm-value-635" value="635" aria-label="!Clausthaler (1)">
                            <label for="frm-productFilter-brandConstraintForm-value-635">Clausthaler (1)</label>
                        </div>


                                                         <div class="form-row" style="display: none;">
                            <input type="checkbox" name="value[]" onchange=" $('.filter-ajax-waiting').addClass('show');$(this).closest('form').submit();" id="frm-productFilter-brandConstraintForm-value-3355" value="3355" aria-label="!Clean &amp; Clear (5)">
                            <label for="frm-productFilter-brandConstraintForm-value-3355">Clean &amp; Clear (5)</label>
                        </div>


                                                         <div class="form-row" style="display: none;">
                            <input type="checkbox" name="value[]" onchange=" $('.filter-ajax-waiting').addClass('show');$(this).closest('form').submit();" id="frm-productFilter-brandConstraintForm-value-46" value="46" aria-label="!Clin (1)">
                            <label for="frm-productFilter-brandConstraintForm-value-46">Clin (1)</label>
                        </div>


                                                         <div class="form-row" style="display: none;">
                            <input type="checkbox" name="value[]" onchange=" $('.filter-ajax-waiting').addClass('show');$(this).closest('form').submit();" id="frm-productFilter-brandConstraintForm-value-408" value="408" aria-label="!Coca-Cola (7)">
                            <label for="frm-productFilter-brandConstraintForm-value-408">Coca-Cola (7)</label>
                        </div>


                                                         <div class="form-row" style="display: none;">
                            <input type="checkbox" name="value[]" onchange=" $('.filter-ajax-waiting').addClass('show');$(this).closest('form').submit();" id="frm-productFilter-brandConstraintForm-value-70" value="70" aria-label="!Colgate (5)">
                            <label for="frm-productFilter-brandConstraintForm-value-70">Colgate (5)</label>
                        </div>


                                                         <div class="form-row" style="display: none;">
                            <input type="checkbox" name="value[]" onchange=" $('.filter-ajax-waiting').addClass('show');$(this).closest('form').submit();" id="frm-productFilter-brandConstraintForm-value-3569" value="3569" aria-label="!Condado de Eguren (1)">
                            <label for="frm-productFilter-brandConstraintForm-value-3569">Condado de Eguren (1)</label>
                        </div>


                                                         <div class="form-row" style="display: none;">
                            <input type="checkbox" name="value[]" onchange=" $('.filter-ajax-waiting').addClass('show');$(this).closest('form').submit();" id="frm-productFilter-brandConstraintForm-value-3079" value="3079" aria-label="!Copperhead (1)">
                            <label for="frm-productFilter-brandConstraintForm-value-3079">Copperhead (1)</label>
                        </div>


                                                         <div class="form-row" style="display: none;">
                            <input type="checkbox" name="value[]" onchange=" $('.filter-ajax-waiting').addClass('show');$(this).closest('form').submit();" id="frm-productFilter-brandConstraintForm-value-1147" value="1147" aria-label="!Cosmos (1)">
                            <label for="frm-productFilter-brandConstraintForm-value-1147">Cosmos (1)</label>
                        </div>


                                                         <div class="form-row" style="display: none;">
                            <input type="checkbox" name="value[]" onchange=" $('.filter-ajax-waiting').addClass('show');$(this).closest('form').submit();" id="frm-productFilter-brandConstraintForm-value-906" value="906" aria-label="!Country Life (9)">
                            <label for="frm-productFilter-brandConstraintForm-value-906">Country Life (9)</label>
                        </div>


                                                         <div class="form-row" style="display: none;">
                            <input type="checkbox" name="value[]" onchange=" $('.filter-ajax-waiting').addClass('show');$(this).closest('form').submit();" id="frm-productFilter-brandConstraintForm-value-495" value="495" aria-label="!Courvoisier (3)">
                            <label for="frm-productFilter-brandConstraintForm-value-495">Courvoisier (3)</label>
                        </div>


                                                         <div class="form-row" style="display: none;">
                            <input type="checkbox" name="value[]" onchange=" $('.filter-ajax-waiting').addClass('show');$(this).closest('form').submit();" id="frm-productFilter-brandConstraintForm-value-2112" value="2112" aria-label="!Csabai (1)">
                            <label for="frm-productFilter-brandConstraintForm-value-2112">Csabai (1)</label>
                        </div>


                                                         <div class="form-row" style="display: none;">
                            <input type="checkbox" name="value[]" onchange=" $('.filter-ajax-waiting').addClass('show');$(this).closest('form').submit();" id="frm-productFilter-brandConstraintForm-value-1480" value="1480" aria-label="!Curaprox (1)">
                            <label for="frm-productFilter-brandConstraintForm-value-1480">Curaprox (1)</label>
                        </div>


                                                         <div class="form-row" style="display: none;">
                            <input type="checkbox" name="value[]" onchange=" $('.filter-ajax-waiting').addClass('show');$(this).closest('form').submit();" id="frm-productFilter-brandConstraintForm-value-1435" value="1435" aria-label="!Cvrček (1)">
                            <label for="frm-productFilter-brandConstraintForm-value-1435">Cvrček (1)</label>
                        </div>


                                                         <div class="form-row" style="display: none;">
                            <input type="checkbox" name="value[]" onchange=" $('.filter-ajax-waiting').addClass('show');$(this).closest('form').submit();" id="frm-productFilter-brandConstraintForm-value-3411" value="3411" aria-label="!DROP (1)">
                            <label for="frm-productFilter-brandConstraintForm-value-3411">DROP (1)</label>
                        </div>


                                                         <div class="form-row" style="display: none;">
                            <input type="checkbox" name="value[]" onchange=" $('.filter-ajax-waiting').addClass('show');$(this).closest('form').submit();" id="frm-productFilter-brandConstraintForm-value-2890" value="2890" aria-label="!Danfrugt (1)">
                            <label for="frm-productFilter-brandConstraintForm-value-2890">Danfrugt (1)</label>
                        </div>


                                                         <div class="form-row" style="display: none;">
                            <input type="checkbox" name="value[]" onchange=" $('.filter-ajax-waiting').addClass('show');$(this).closest('form').submit();" id="frm-productFilter-brandConstraintForm-value-20" value="20" aria-label="!Darling (1)">
                            <label for="frm-productFilter-brandConstraintForm-value-20">Darling (1)</label>
                        </div>


                                                         <div class="form-row" style="display: none;">
                            <input type="checkbox" name="value[]" onchange=" $('.filter-ajax-waiting').addClass('show');$(this).closest('form').submit();" id="frm-productFilter-brandConstraintForm-value-2637" value="2637" aria-label="!De Nigris (1)">
                            <label for="frm-productFilter-brandConstraintForm-value-2637">De Nigris (1)</label>
                        </div>


                                                         <div class="form-row" style="display: none;">
                            <input type="checkbox" name="value[]" onchange=" $('.filter-ajax-waiting').addClass('show');$(this).closest('form').submit();" id="frm-productFilter-brandConstraintForm-value-3113" value="3113" aria-label="!Delamaris (1)">
                            <label for="frm-productFilter-brandConstraintForm-value-3113">Delamaris (1)</label>
                        </div>


                                                         <div class="form-row" style="display: none;">
                            <input type="checkbox" name="value[]" onchange=" $('.filter-ajax-waiting').addClass('show');$(this).closest('form').submit();" id="frm-productFilter-brandConstraintForm-value-1683" value="1683" aria-label="!Delicias (2)">
                            <label for="frm-productFilter-brandConstraintForm-value-1683">Delicias (2)</label>
                        </div>


                                                         <div class="form-row" style="display: none;">
                            <input type="checkbox" name="value[]" onchange=" $('.filter-ajax-waiting').addClass('show');$(this).closest('form').submit();" id="frm-productFilter-brandConstraintForm-value-1125" value="1125" aria-label="!Delverde  (2)">
                            <label for="frm-productFilter-brandConstraintForm-value-1125">Delverde  (2)</label>
                        </div>


                                                         <div class="form-row" style="display: none;">
                            <input type="checkbox" name="value[]" onchange=" $('.filter-ajax-waiting').addClass('show');$(this).closest('form').submit();" id="frm-productFilter-brandConstraintForm-value-1939" value="1939" aria-label="!Dermacol (18)">
                            <label for="frm-productFilter-brandConstraintForm-value-1939">Dermacol (18)</label>
                        </div>


                                                         <div class="form-row" style="display: none;">
                            <input type="checkbox" name="value[]" onchange=" $('.filter-ajax-waiting').addClass('show');$(this).closest('form').submit();" id="frm-productFilter-brandConstraintForm-value-3520" value="3520" aria-label="!Dermo Expertise (2)">
                            <label for="frm-productFilter-brandConstraintForm-value-3520">Dermo Expertise (2)</label>
                        </div>


                                                         <div class="form-row" style="display: none;">
                            <input type="checkbox" name="value[]" onchange=" $('.filter-ajax-waiting').addClass('show');$(this).closest('form').submit();" id="frm-productFilter-brandConstraintForm-value-457" value="457" aria-label="!Desperados (1)">
                            <label for="frm-productFilter-brandConstraintForm-value-457">Desperados (1)</label>
                        </div>


                                                         <div class="form-row" style="display: none;">
                            <input type="checkbox" name="value[]" onchange=" $('.filter-ajax-waiting').addClass('show');$(this).closest('form').submit();" id="frm-productFilter-brandConstraintForm-value-1941" value="1941" aria-label="!Dettol (3)">
                            <label for="frm-productFilter-brandConstraintForm-value-1941">Dettol (3)</label>
                        </div>


                                                         <div class="form-row" style="display: none;">
                            <input type="checkbox" name="value[]" onchange=" $('.filter-ajax-waiting').addClass('show');$(this).closest('form').submit();" id="frm-productFilter-brandConstraintForm-value-926" value="926" aria-label="!DiaNella (1)">
                            <label for="frm-productFilter-brandConstraintForm-value-926">DiaNella (1)</label>
                        </div>


                                                         <div class="form-row" style="display: none;">
                            <input type="checkbox" name="value[]" onchange=" $('.filter-ajax-waiting').addClass('show');$(this).closest('form').submit();" id="frm-productFilter-brandConstraintForm-value-2450" value="2450" aria-label="!Diana (5)">
                            <label for="frm-productFilter-brandConstraintForm-value-2450">Diana (5)</label>
                        </div>


                                                         <div class="form-row" style="display: none;">
                            <input type="checkbox" name="value[]" onchange=" $('.filter-ajax-waiting').addClass('show');$(this).closest('form').submit();" id="frm-productFilter-brandConstraintForm-value-2677" value="2677" aria-label="!Diffusil (1)">
                            <label for="frm-productFilter-brandConstraintForm-value-2677">Diffusil (1)</label>
                        </div>


                                                         <div class="form-row" style="display: none;">
                            <input type="checkbox" name="value[]" onchange=" $('.filter-ajax-waiting').addClass('show');$(this).closest('form').submit();" id="frm-productFilter-brandConstraintForm-value-345" value="345" aria-label="!Dione (1)">
                            <label for="frm-productFilter-brandConstraintForm-value-345">Dione (1)</label>
                        </div>


                                                         <div class="form-row" style="display: none;">
                            <input type="checkbox" name="value[]" onchange=" $('.filter-ajax-waiting').addClass('show');$(this).closest('form').submit();" id="frm-productFilter-brandConstraintForm-value-3027" value="3027" aria-label="!Dione premium  (1)">
                            <label for="frm-productFilter-brandConstraintForm-value-3027">Dione premium  (1)</label>
                        </div>


                                                         <div class="form-row" style="display: none;">
                            <input type="checkbox" name="value[]" onchange=" $('.filter-ajax-waiting').addClass('show');$(this).closest('form').submit();" id="frm-productFilter-brandConstraintForm-value-3335" value="3335" aria-label="!Diplomat (9)">
                            <label for="frm-productFilter-brandConstraintForm-value-3335">Diplomat (9)</label>
                        </div>


                                                         <div class="form-row" style="display: none;">
                            <input type="checkbox" name="value[]" onchange=" $('.filter-ajax-waiting').addClass('show');$(this).closest('form').submit();" id="frm-productFilter-brandConstraintForm-value-2923" value="2923" aria-label="!Diplomático (1)">
                            <label for="frm-productFilter-brandConstraintForm-value-2923">Diplomático (1)</label>
                        </div>


                                                         <div class="form-row" style="display: none;">
                            <input type="checkbox" name="value[]" onchange=" $('.filter-ajax-waiting').addClass('show');$(this).closest('form').submit();" id="frm-productFilter-brandConstraintForm-value-3406" value="3406" aria-label="!Dixi (2)">
                            <label for="frm-productFilter-brandConstraintForm-value-3406">Dixi (2)</label>
                        </div>


                                                         <div class="form-row" style="display: none;">
                            <input type="checkbox" name="value[]" onchange=" $('.filter-ajax-waiting').addClass('show');$(this).closest('form').submit();" id="frm-productFilter-brandConstraintForm-value-2768" value="2768" aria-label="!Dmhermes (2)">
                            <label for="frm-productFilter-brandConstraintForm-value-2768">Dmhermes (2)</label>
                        </div>


                                                         <div class="form-row" style="display: none;">
                            <input type="checkbox" name="value[]" onchange=" $('.filter-ajax-waiting').addClass('show');$(this).closest('form').submit();" id="frm-productFilter-brandConstraintForm-value-397" value="397" aria-label="!Dobrá voda (4)">
                            <label for="frm-productFilter-brandConstraintForm-value-397">Dobrá voda (4)</label>
                        </div>


                                                         <div class="form-row" style="display: none;">
                            <input type="checkbox" name="value[]" onchange=" $('.filter-ajax-waiting').addClass('show');$(this).closest('form').submit();" id="frm-productFilter-brandConstraintForm-value-3338" value="3338" aria-label="!Domäne Wachau (3)">
                            <label for="frm-productFilter-brandConstraintForm-value-3338">Domäne Wachau (3)</label>
                        </div>


                                                         <div class="form-row" style="display: none;">
                            <input type="checkbox" name="value[]" onchange=" $('.filter-ajax-waiting').addClass('show');$(this).closest('form').submit();" id="frm-productFilter-brandConstraintForm-value-1627" value="1627" aria-label="!Don Giovanni (1)">
                            <label for="frm-productFilter-brandConstraintForm-value-1627">Don Giovanni (1)</label>
                        </div>


                                                         <div class="form-row" style="display: none;">
                            <input type="checkbox" name="value[]" onchange=" $('.filter-ajax-waiting').addClass('show');$(this).closest('form').submit();" id="frm-productFilter-brandConstraintForm-value-2845" value="2845" aria-label="!Dorato (2)">
                            <label for="frm-productFilter-brandConstraintForm-value-2845">Dorato (2)</label>
                        </div>


                            <div class="form-row">
                            <input type="checkbox" name="value[]" onchange=" $('.filter-ajax-waiting').addClass('show');$(this).closest('form').submit();" id="frm-productFilter-brandConstraintForm-value-53" value="53" aria-label="!Dove (57)">
                            <label for="frm-productFilter-brandConstraintForm-value-53">Dove (57)</label>
                        </div>


                                                         <div class="form-row" style="display: none;">
                            <input type="checkbox" name="value[]" onchange=" $('.filter-ajax-waiting').addClass('show');$(this).closest('form').submit();" id="frm-productFilter-brandConstraintForm-value-1959" value="1959" aria-label="!Dove Men+Care (1)">
                            <label for="frm-productFilter-brandConstraintForm-value-1959">Dove Men+Care (1)</label>
                        </div>


                                                         <div class="form-row" style="display: none;">
                            <input type="checkbox" name="value[]" onchange=" $('.filter-ajax-waiting').addClass('show');$(this).closest('form').submit();" id="frm-productFilter-brandConstraintForm-value-313" value="313" aria-label="!Dr. Oetker (15)">
                            <label for="frm-productFilter-brandConstraintForm-value-313">Dr. Oetker (15)</label>
                        </div>


                                                         <div class="form-row" style="display: none;">
                            <input type="checkbox" name="value[]" onchange=" $('.filter-ajax-waiting').addClass('show');$(this).closest('form').submit();" id="frm-productFilter-brandConstraintForm-value-3157" value="3157" aria-label="!Dr.Gerard (1)">
                            <label for="frm-productFilter-brandConstraintForm-value-3157">Dr.Gerard (1)</label>
                        </div>


                                                         <div class="form-row" style="display: none;">
                            <input type="checkbox" name="value[]" onchange=" $('.filter-ajax-waiting').addClass('show');$(this).closest('form').submit();" id="frm-productFilter-brandConstraintForm-value-1467" value="1467" aria-label="!Dreamies (1)">
                            <label for="frm-productFilter-brandConstraintForm-value-1467">Dreamies (1)</label>
                        </div>


                                                         <div class="form-row" style="display: none;">
                            <input type="checkbox" name="value[]" onchange=" $('.filter-ajax-waiting').addClass('show');$(this).closest('form').submit();" id="frm-productFilter-brandConstraintForm-value-609" value="609" aria-label="!Druid (10)">
                            <label for="frm-productFilter-brandConstraintForm-value-609">Druid (10)</label>
                        </div>


                                                         <div class="form-row" style="display: none;">
                            <input type="checkbox" name="value[]" onchange=" $('.filter-ajax-waiting').addClass('show');$(this).closest('form').submit();" id="frm-productFilter-brandConstraintForm-value-84" value="84" aria-label="!Durex (9)">
                            <label for="frm-productFilter-brandConstraintForm-value-84">Durex (9)</label>
                        </div>


                                                         <div class="form-row" style="display: none;">
                            <input type="checkbox" name="value[]" onchange=" $('.filter-ajax-waiting').addClass('show');$(this).closest('form').submit();" id="frm-productFilter-brandConstraintForm-value-3363" value="3363" aria-label="!EPline (1)">
                            <label for="frm-productFilter-brandConstraintForm-value-3363">EPline (1)</label>
                        </div>


                                                         <div class="form-row" style="display: none;">
                            <input type="checkbox" name="value[]" onchange=" $('.filter-ajax-waiting').addClass('show');$(this).closest('form').submit();" id="frm-productFilter-brandConstraintForm-value-1329" value="1329" aria-label="!Ecover (1)">
                            <label for="frm-productFilter-brandConstraintForm-value-1329">Ecover (1)</label>
                        </div>


                                                         <div class="form-row" style="display: none;">
                            <input type="checkbox" name="value[]" onchange=" $('.filter-ajax-waiting').addClass('show');$(this).closest('form').submit();" id="frm-productFilter-brandConstraintForm-value-281" value="281" aria-label="!Efko (12)">
                            <label for="frm-productFilter-brandConstraintForm-value-281">Efko (12)</label>
                        </div>


                                                         <div class="form-row" style="display: none;">
                            <input type="checkbox" name="value[]" onchange=" $('.filter-ajax-waiting').addClass('show');$(this).closest('form').submit();" id="frm-productFilter-brandConstraintForm-value-3354" value="3354" aria-label="!El Jimador (4)">
                            <label for="frm-productFilter-brandConstraintForm-value-3354">El Jimador (4)</label>
                        </div>


                                                         <div class="form-row" style="display: none;">
                            <input type="checkbox" name="value[]" onchange=" $('.filter-ajax-waiting').addClass('show');$(this).closest('form').submit();" id="frm-productFilter-brandConstraintForm-value-3180" value="3180" aria-label="!Elegance (1)">
                            <label for="frm-productFilter-brandConstraintForm-value-3180">Elegance (1)</label>
                        </div>


                                                         <div class="form-row" style="display: none;">
                            <input type="checkbox" name="value[]" onchange=" $('.filter-ajax-waiting').addClass('show');$(this).closest('form').submit();" id="frm-productFilter-brandConstraintForm-value-660" value="660" aria-label="!Elkos (1)">
                            <label for="frm-productFilter-brandConstraintForm-value-660">Elkos (1)</label>
                        </div>


                                                         <div class="form-row" style="display: none;">
                            <input type="checkbox" name="value[]" onchange=" $('.filter-ajax-waiting').addClass('show');$(this).closest('form').submit();" id="frm-productFilter-brandConstraintForm-value-3334" value="3334" aria-label="!Ella's Kitchen (3)">
                            <label for="frm-productFilter-brandConstraintForm-value-3334">Ella's Kitchen (3)</label>
                        </div>


                                                         <div class="form-row" style="display: none;">
                            <input type="checkbox" name="value[]" onchange=" $('.filter-ajax-waiting').addClass('show');$(this).closest('form').submit();" id="frm-productFilter-brandConstraintForm-value-687" value="687" aria-label="!Elseve (3)">
                            <label for="frm-productFilter-brandConstraintForm-value-687">Elseve (3)</label>
                        </div>


                                                         <div class="form-row" style="display: none;">
                            <input type="checkbox" name="value[]" onchange=" $('.filter-ajax-waiting').addClass('show');$(this).closest('form').submit();" id="frm-productFilter-brandConstraintForm-value-169" value="169" aria-label="!Emco (15)">
                            <label for="frm-productFilter-brandConstraintForm-value-169">Emco (15)</label>
                        </div>


                                                         <div class="form-row" style="display: none;">
                            <input type="checkbox" name="value[]" onchange=" $('.filter-ajax-waiting').addClass('show');$(this).closest('form').submit();" id="frm-productFilter-brandConstraintForm-value-2916" value="2916" aria-label="!Emperatriz (1)">
                            <label for="frm-productFilter-brandConstraintForm-value-2916">Emperatriz (1)</label>
                        </div>


                                                         <div class="form-row" style="display: none;">
                            <input type="checkbox" name="value[]" onchange=" $('.filter-ajax-waiting').addClass('show');$(this).closest('form').submit();" id="frm-productFilter-brandConstraintForm-value-588" value="588" aria-label="!Energit (1)">
                            <label for="frm-productFilter-brandConstraintForm-value-588">Energit (1)</label>
                        </div>


                                                         <div class="form-row" style="display: none;">
                            <input type="checkbox" name="value[]" onchange=" $('.filter-ajax-waiting').addClass('show');$(this).closest('form').submit();" id="frm-productFilter-brandConstraintForm-value-2628" value="2628" aria-label="!Entrecote (1)">
                            <label for="frm-productFilter-brandConstraintForm-value-2628">Entrecote (1)</label>
                        </div>


                                                         <div class="form-row" style="display: none;">
                            <input type="checkbox" name="value[]" onchange=" $('.filter-ajax-waiting').addClass('show');$(this).closest('form').submit();" id="frm-productFilter-brandConstraintForm-value-3394" value="3394" aria-label="!Erebos (2)">
                            <label for="frm-productFilter-brandConstraintForm-value-3394">Erebos (2)</label>
                        </div>


                                                         <div class="form-row" style="display: none;">
                            <input type="checkbox" name="value[]" onchange=" $('.filter-ajax-waiting').addClass('show');$(this).closest('form').submit();" id="frm-productFilter-brandConstraintForm-value-3523" value="3523" aria-label="!Espana (1)">
                            <label for="frm-productFilter-brandConstraintForm-value-3523">Espana (1)</label>
                        </div>


                                                         <div class="form-row" style="display: none;">
                            <input type="checkbox" name="value[]" onchange=" $('.filter-ajax-waiting').addClass('show');$(this).closest('form').submit();" id="frm-productFilter-brandConstraintForm-value-2588" value="2588" aria-label="!Esselte (6)">
                            <label for="frm-productFilter-brandConstraintForm-value-2588">Esselte (6)</label>
                        </div>


                                                         <div class="form-row" style="display: none;">
                            <input type="checkbox" name="value[]" onchange=" $('.filter-ajax-waiting').addClass('show');$(this).closest('form').submit();" id="frm-productFilter-brandConstraintForm-value-3463" value="3463" aria-label="!Eucerin (1)">
                            <label for="frm-productFilter-brandConstraintForm-value-3463">Eucerin (1)</label>
                        </div>


                                                         <div class="form-row" style="display: none;">
                            <input type="checkbox" name="value[]" onchange=" $('.filter-ajax-waiting').addClass('show');$(this).closest('form').submit();" id="frm-productFilter-brandConstraintForm-value-2898" value="2898" aria-label="!EuroPasta (4)">
                            <label for="frm-productFilter-brandConstraintForm-value-2898">EuroPasta (4)</label>
                        </div>


                                                         <div class="form-row" style="display: none;">
                            <input type="checkbox" name="value[]" onchange=" $('.filter-ajax-waiting').addClass('show');$(this).closest('form').submit();" id="frm-productFilter-brandConstraintForm-value-2757" value="2757" aria-label="!Eva (3)">
                            <label for="frm-productFilter-brandConstraintForm-value-2757">Eva (3)</label>
                        </div>


                                                         <div class="form-row" style="display: none;">
                            <input type="checkbox" name="value[]" onchange=" $('.filter-ajax-waiting').addClass('show');$(this).closest('form').submit();" id="frm-productFilter-brandConstraintForm-value-3249" value="3249" aria-label="!Excel (3)">
                            <label for="frm-productFilter-brandConstraintForm-value-3249">Excel (3)</label>
                        </div>


                                                         <div class="form-row" style="display: none;">
                            <input type="checkbox" name="value[]" onchange=" $('.filter-ajax-waiting').addClass('show');$(this).closest('form').submit();" id="frm-productFilter-brandConstraintForm-value-2167" value="2167" aria-label="!Excelent (1)">
                            <label for="frm-productFilter-brandConstraintForm-value-2167">Excelent (1)</label>
                        </div>


                                                         <div class="form-row" style="display: none;">
                            <input type="checkbox" name="value[]" onchange=" $('.filter-ajax-waiting').addClass('show');$(this).closest('form').submit();" id="frm-productFilter-brandConstraintForm-value-1303" value="1303" aria-label="!F.W.Tandoori (1)">
                            <label for="frm-productFilter-brandConstraintForm-value-1303">F.W.Tandoori (1)</label>
                        </div>


                                                         <div class="form-row" style="display: none;">
                            <input type="checkbox" name="value[]" onchange=" $('.filter-ajax-waiting').addClass('show');$(this).closest('form').submit();" id="frm-productFilter-brandConstraintForm-value-3521" value="3521" aria-label="!FITaFER (4)">
                            <label for="frm-productFilter-brandConstraintForm-value-3521">FITaFER (4)</label>
                        </div>


                                                         <div class="form-row" style="display: none;">
                            <input type="checkbox" name="value[]" onchange=" $('.filter-ajax-waiting').addClass('show');$(this).closest('form').submit();" id="frm-productFilter-brandConstraintForm-value-66" value="66" aria-label="!Fa (26)">
                            <label for="frm-productFilter-brandConstraintForm-value-66">Fa (26)</label>
                        </div>


                                                         <div class="form-row" style="display: none;">
                            <input type="checkbox" name="value[]" onchange=" $('.filter-ajax-waiting').addClass('show');$(this).closest('form').submit();" id="frm-productFilter-brandConstraintForm-value-1829" value="1829" aria-label="!Fa Men (1)">
                            <label for="frm-productFilter-brandConstraintForm-value-1829">Fa Men (1)</label>
                        </div>


                                                         <div class="form-row" style="display: none;">
                            <input type="checkbox" name="value[]" onchange=" $('.filter-ajax-waiting').addClass('show');$(this).closest('form').submit();" id="frm-productFilter-brandConstraintForm-value-2687" value="2687" aria-label="!Fabio (2)">
                            <label for="frm-productFilter-brandConstraintForm-value-2687">Fabio (2)</label>
                        </div>


                                                         <div class="form-row" style="display: none;">
                            <input type="checkbox" name="value[]" onchange=" $('.filter-ajax-waiting').addClass('show');$(this).closest('form').submit();" id="frm-productFilter-brandConstraintForm-value-884" value="884" aria-label="!Fakeer (1)">
                            <label for="frm-productFilter-brandConstraintForm-value-884">Fakeer (1)</label>
                        </div>


                                                         <div class="form-row" style="display: none;">
                            <input type="checkbox" name="value[]" onchange=" $('.filter-ajax-waiting').addClass('show');$(this).closest('form').submit();" id="frm-productFilter-brandConstraintForm-value-410" value="410" aria-label="!Fanta (2)">
                            <label for="frm-productFilter-brandConstraintForm-value-410">Fanta (2)</label>
                        </div>


                                                         <div class="form-row" style="display: none;">
                            <input type="checkbox" name="value[]" onchange=" $('.filter-ajax-waiting').addClass('show');$(this).closest('form').submit();" id="frm-productFilter-brandConstraintForm-value-776" value="776" aria-label="!Farm Frites (2)">
                            <label for="frm-productFilter-brandConstraintForm-value-776">Farm Frites (2)</label>
                        </div>


                                                         <div class="form-row" style="display: none;">
                            <input type="checkbox" name="value[]" onchange=" $('.filter-ajax-waiting').addClass('show');$(this).closest('form').submit();" id="frm-productFilter-brandConstraintForm-value-2193" value="2193" aria-label="!FarmLander (1)">
                            <label for="frm-productFilter-brandConstraintForm-value-2193">FarmLander (1)</label>
                        </div>


                                                         <div class="form-row" style="display: none;">
                            <input type="checkbox" name="value[]" onchange=" $('.filter-ajax-waiting').addClass('show');$(this).closest('form').submit();" id="frm-productFilter-brandConstraintForm-value-2988" value="2988" aria-label="!Farmland (1)">
                            <label for="frm-productFilter-brandConstraintForm-value-2988">Farmland (1)</label>
                        </div>


                                                         <div class="form-row" style="display: none;">
                            <input type="checkbox" name="value[]" onchange=" $('.filter-ajax-waiting').addClass('show');$(this).closest('form').submit();" id="frm-productFilter-brandConstraintForm-value-3151" value="3151" aria-label="!Farmářské uzeniny (1)">
                            <label for="frm-productFilter-brandConstraintForm-value-3151">Farmářské uzeniny (1)</label>
                        </div>


                                                         <div class="form-row" style="display: none;">
                            <input type="checkbox" name="value[]" onchange=" $('.filter-ajax-waiting').addClass('show');$(this).closest('form').submit();" id="frm-productFilter-brandConstraintForm-value-2922" value="2922" aria-label="!Fassbind (2)">
                            <label for="frm-productFilter-brandConstraintForm-value-2922">Fassbind (2)</label>
                        </div>


                                                         <div class="form-row" style="display: none;">
                            <input type="checkbox" name="value[]" onchange=" $('.filter-ajax-waiting').addClass('show');$(this).closest('form').submit();" id="frm-productFilter-brandConstraintForm-value-2786" value="2786" aria-label="!Favraud (3)">
                            <label for="frm-productFilter-brandConstraintForm-value-2786">Favraud (3)</label>
                        </div>


                                                         <div class="form-row" style="display: none;">
                            <input type="checkbox" name="value[]" onchange=" $('.filter-ajax-waiting').addClass('show');$(this).closest('form').submit();" id="frm-productFilter-brandConstraintForm-value-181" value="181" aria-label="!Fazer (1)">
                            <label for="frm-productFilter-brandConstraintForm-value-181">Fazer (1)</label>
                        </div>


                                                         <div class="form-row" style="display: none;">
                            <input type="checkbox" name="value[]" onchange=" $('.filter-ajax-waiting').addClass('show');$(this).closest('form').submit();" id="frm-productFilter-brandConstraintForm-value-10" value="10" aria-label="!Felix (10)">
                            <label for="frm-productFilter-brandConstraintForm-value-10">Felix (10)</label>
                        </div>


                                                         <div class="form-row" style="display: none;">
                            <input type="checkbox" name="value[]" onchange=" $('.filter-ajax-waiting').addClass('show');$(this).closest('form').submit();" id="frm-productFilter-brandConstraintForm-value-3332" value="3332" aria-label="!Femfresh (4)">
                            <label for="frm-productFilter-brandConstraintForm-value-3332">Femfresh (4)</label>
                        </div>


                                                         <div class="form-row" style="display: none;">
                            <input type="checkbox" name="value[]" onchange=" $('.filter-ajax-waiting').addClass('show');$(this).closest('form').submit();" id="frm-productFilter-brandConstraintForm-value-2289" value="2289" aria-label="!Ferdinand (3)">
                            <label for="frm-productFilter-brandConstraintForm-value-2289">Ferdinand (3)</label>
                        </div>


                                                         <div class="form-row" style="display: none;">
                            <input type="checkbox" name="value[]" onchange=" $('.filter-ajax-waiting').addClass('show');$(this).closest('form').submit();" id="frm-productFilter-brandConstraintForm-value-977" value="977" aria-label="!Fernet Stock  (2)">
                            <label for="frm-productFilter-brandConstraintForm-value-977">Fernet Stock  (2)</label>
                        </div>


                                                         <div class="form-row" style="display: none;">
                            <input type="checkbox" name="value[]" onchange=" $('.filter-ajax-waiting').addClass('show');$(this).closest('form').submit();" id="frm-productFilter-brandConstraintForm-value-1371" value="1371" aria-label="!Feyel (1)">
                            <label for="frm-productFilter-brandConstraintForm-value-1371">Feyel (1)</label>
                        </div>


                                                         <div class="form-row" style="display: none;">
                            <input type="checkbox" name="value[]" onchange=" $('.filter-ajax-waiting').addClass('show');$(this).closest('form').submit();" id="frm-productFilter-brandConstraintForm-value-182" value="182" aria-label="!Figaro (7)">
                            <label for="frm-productFilter-brandConstraintForm-value-182">Figaro (7)</label>
                        </div>


                                                         <div class="form-row" style="display: none;">
                            <input type="checkbox" name="value[]" onchange=" $('.filter-ajax-waiting').addClass('show');$(this).closest('form').submit();" id="frm-productFilter-brandConstraintForm-value-3570" value="3570" aria-label="!Finca Constancia (2)">
                            <label for="frm-productFilter-brandConstraintForm-value-3570">Finca Constancia (2)</label>
                        </div>


                                                         <div class="form-row" style="display: none;">
                            <input type="checkbox" name="value[]" onchange=" $('.filter-ajax-waiting').addClass('show');$(this).closest('form').submit();" id="frm-productFilter-brandConstraintForm-value-1343" value="1343" aria-label="!Fine Life (2)">
                            <label for="frm-productFilter-brandConstraintForm-value-1343">Fine Life (2)</label>
                        </div>


                                                         <div class="form-row" style="display: none;">
                            <input type="checkbox" name="value[]" onchange=" $('.filter-ajax-waiting').addClass('show');$(this).closest('form').submit();" id="frm-productFilter-brandConstraintForm-value-32" value="32" aria-label="!Finish (15)">
                            <label for="frm-productFilter-brandConstraintForm-value-32">Finish (15)</label>
                        </div>


                                                         <div class="form-row" style="display: none;">
                            <input type="checkbox" name="value[]" onchange=" $('.filter-ajax-waiting').addClass('show');$(this).closest('form').submit();" id="frm-productFilter-brandConstraintForm-value-521" value="521" aria-label="!Finlandia (11)">
                            <label for="frm-productFilter-brandConstraintForm-value-521">Finlandia (11)</label>
                        </div>


                                                         <div class="form-row" style="display: none;">
                            <input type="checkbox" name="value[]" onchange=" $('.filter-ajax-waiting').addClass('show');$(this).closest('form').submit();" id="frm-productFilter-brandConstraintForm-value-2351" value="2351" aria-label="!Finnern Miamor (9)">
                            <label for="frm-productFilter-brandConstraintForm-value-2351">Finnern Miamor (9)</label>
                        </div>


                                                         <div class="form-row" style="display: none;">
                            <input type="checkbox" name="value[]" onchange=" $('.filter-ajax-waiting').addClass('show');$(this).closest('form').submit();" id="frm-productFilter-brandConstraintForm-value-1312" value="1312" aria-label="!Fino (1)">
                            <label for="frm-productFilter-brandConstraintForm-value-1312">Fino (1)</label>
                        </div>


                                                         <div class="form-row" style="display: none;">
                            <input type="checkbox" name="value[]" onchange=" $('.filter-ajax-waiting').addClass('show');$(this).closest('form').submit();" id="frm-productFilter-brandConstraintForm-value-3066" value="3066" aria-label="!Fiorelli (2)">
                            <label for="frm-productFilter-brandConstraintForm-value-3066">Fiorelli (2)</label>
                        </div>


                                                         <div class="form-row" style="display: none;">
                            <input type="checkbox" name="value[]" onchange=" $('.filter-ajax-waiting').addClass('show');$(this).closest('form').submit();" id="frm-productFilter-brandConstraintForm-value-2213" value="2213" aria-label="!Fit-Day (10)">
                            <label for="frm-productFilter-brandConstraintForm-value-2213">Fit-Day (10)</label>
                        </div>


                                                         <div class="form-row" style="display: none;">
                            <input type="checkbox" name="value[]" onchange=" $('.filter-ajax-waiting').addClass('show');$(this).closest('form').submit();" id="frm-productFilter-brandConstraintForm-value-3163" value="3163" aria-label="!Five Star (2)">
                            <label for="frm-productFilter-brandConstraintForm-value-3163">Five Star (2)</label>
                        </div>


                                                         <div class="form-row" style="display: none;">
                            <input type="checkbox" name="value[]" onchange=" $('.filter-ajax-waiting').addClass('show');$(this).closest('form').submit();" id="frm-productFilter-brandConstraintForm-value-2429" value="2429" aria-label="!Flap jack (2)">
                            <label for="frm-productFilter-brandConstraintForm-value-2429">Flap jack (2)</label>
                        </div>


                                                         <div class="form-row" style="display: none;">
                            <input type="checkbox" name="value[]" onchange=" $('.filter-ajax-waiting').addClass('show');$(this).closest('form').submit();" id="frm-productFilter-brandConstraintForm-value-1822" value="1822" aria-label="!Fleret (7)">
                            <label for="frm-productFilter-brandConstraintForm-value-1822">Fleret (7)</label>
                        </div>


                                                         <div class="form-row" style="display: none;">
                            <input type="checkbox" name="value[]" onchange=" $('.filter-ajax-waiting').addClass('show');$(this).closest('form').submit();" id="frm-productFilter-brandConstraintForm-value-509" value="509" aria-label="!Fleret Trade (2)">
                            <label for="frm-productFilter-brandConstraintForm-value-509">Fleret Trade (2)</label>
                        </div>


                                                         <div class="form-row" style="display: none;">
                            <input type="checkbox" name="value[]" onchange=" $('.filter-ajax-waiting').addClass('show');$(this).closest('form').submit();" id="frm-productFilter-brandConstraintForm-value-2657" value="2657" aria-label="!Flirt Vodka (1)">
                            <label for="frm-productFilter-brandConstraintForm-value-2657">Flirt Vodka (1)</label>
                        </div>


                                                         <div class="form-row" style="display: none;">
                            <input type="checkbox" name="value[]" onchange=" $('.filter-ajax-waiting').addClass('show');$(this).closest('form').submit();" id="frm-productFilter-brandConstraintForm-value-2790" value="2790" aria-label="!Floria (3)">
                            <label for="frm-productFilter-brandConstraintForm-value-2790">Floria (3)</label>
                        </div>


                                                         <div class="form-row" style="display: none;">
                            <input type="checkbox" name="value[]" onchange=" $('.filter-ajax-waiting').addClass('show');$(this).closest('form').submit();" id="frm-productFilter-brandConstraintForm-value-2161" value="2161" aria-label="!Foco (1)">
                            <label for="frm-productFilter-brandConstraintForm-value-2161">Foco (1)</label>
                        </div>


                                                         <div class="form-row" style="display: none;">
                            <input type="checkbox" name="value[]" onchange=" $('.filter-ajax-waiting').addClass('show');$(this).closest('form').submit();" id="frm-productFilter-brandConstraintForm-value-534" value="534" aria-label="!Four Roses (1)">
                            <label for="frm-productFilter-brandConstraintForm-value-534">Four Roses (1)</label>
                        </div>


                                                         <div class="form-row" style="display: none;">
                            <input type="checkbox" name="value[]" onchange=" $('.filter-ajax-waiting').addClass('show');$(this).closest('form').submit();" id="frm-productFilter-brandConstraintForm-value-1606" value="1606" aria-label="!Fragata (1)">
                            <label for="frm-productFilter-brandConstraintForm-value-1606">Fragata (1)</label>
                        </div>


                                                         <div class="form-row" style="display: none;">
                            <input type="checkbox" name="value[]" onchange=" $('.filter-ajax-waiting').addClass('show');$(this).closest('form').submit();" id="frm-productFilter-brandConstraintForm-value-1611" value="1611" aria-label="!Franz Josef (1)">
                            <label for="frm-productFilter-brandConstraintForm-value-1611">Franz Josef (1)</label>
                        </div>


                                                         <div class="form-row" style="display: none;">
                            <input type="checkbox" name="value[]" onchange=" $('.filter-ajax-waiting').addClass('show');$(this).closest('form').submit();" id="frm-productFilter-brandConstraintForm-value-3212" value="3212" aria-label="!Freche Freunde (15)">
                            <label for="frm-productFilter-brandConstraintForm-value-3212">Freche Freunde (15)</label>
                        </div>


                                                         <div class="form-row" style="display: none;">
                            <input type="checkbox" name="value[]" onchange=" $('.filter-ajax-waiting').addClass('show');$(this).closest('form').submit();" id="frm-productFilter-brandConstraintForm-value-3447" value="3447" aria-label="!Freeman (3)">
                            <label for="frm-productFilter-brandConstraintForm-value-3447">Freeman (3)</label>
                        </div>


                                                         <div class="form-row" style="display: none;">
                            <input type="checkbox" name="value[]" onchange=" $('.filter-ajax-waiting').addClass('show');$(this).closest('form').submit();" id="frm-productFilter-brandConstraintForm-value-2959" value="2959" aria-label="!Friall (2)">
                            <label for="frm-productFilter-brandConstraintForm-value-2959">Friall (2)</label>
                        </div>


                                                         <div class="form-row" style="display: none;">
                            <input type="checkbox" name="value[]" onchange=" $('.filter-ajax-waiting').addClass('show');$(this).closest('form').submit();" id="frm-productFilter-brandConstraintForm-value-458" value="458" aria-label="!Frisco (4)">
                            <label for="frm-productFilter-brandConstraintForm-value-458">Frisco (4)</label>
                        </div>


                                                         <div class="form-row" style="display: none;">
                            <input type="checkbox" name="value[]" onchange=" $('.filter-ajax-waiting').addClass('show');$(this).closest('form').submit();" id="frm-productFilter-brandConstraintForm-value-14" value="14" aria-label="!Friskies (8)">
                            <label for="frm-productFilter-brandConstraintForm-value-14">Friskies (8)</label>
                        </div>


                                                         <div class="form-row" style="display: none;">
                            <input type="checkbox" name="value[]" onchange=" $('.filter-ajax-waiting').addClass('show');$(this).closest('form').submit();" id="frm-productFilter-brandConstraintForm-value-21" value="21" aria-label="!Frolic (2)">
                            <label for="frm-productFilter-brandConstraintForm-value-21">Frolic (2)</label>
                        </div>


                                                         <div class="form-row" style="display: none;">
                            <input type="checkbox" name="value[]" onchange=" $('.filter-ajax-waiting').addClass('show');$(this).closest('form').submit();" id="frm-productFilter-brandConstraintForm-value-1710" value="1710" aria-label="!Fruko Schulz (7)">
                            <label for="frm-productFilter-brandConstraintForm-value-1710">Fruko Schulz (7)</label>
                        </div>


                                                         <div class="form-row" style="display: none;">
                            <input type="checkbox" name="value[]" onchange=" $('.filter-ajax-waiting').addClass('show');$(this).closest('form').submit();" id="frm-productFilter-brandConstraintForm-value-2966" value="2966" aria-label="!G.H.Mumm (2)">
                            <label for="frm-productFilter-brandConstraintForm-value-2966">G.H.Mumm (2)</label>
                        </div>


                                                         <div class="form-row" style="display: none;">
                            <input type="checkbox" name="value[]" onchange=" $('.filter-ajax-waiting').addClass('show');$(this).closest('form').submit();" id="frm-productFilter-brandConstraintForm-value-143" value="143" aria-label="!Galbani (2)">
                            <label for="frm-productFilter-brandConstraintForm-value-143">Galbani (2)</label>
                        </div>


                                                         <div class="form-row" style="display: none;">
                            <input type="checkbox" name="value[]" onchange=" $('.filter-ajax-waiting').addClass('show');$(this).closest('form').submit();" id="frm-productFilter-brandConstraintForm-value-442" value="442" aria-label="!Gambrinus (5)">
                            <label for="frm-productFilter-brandConstraintForm-value-442">Gambrinus (5)</label>
                        </div>


                                                         <div class="form-row" style="display: none;">
                            <input type="checkbox" name="value[]" onchange=" $('.filter-ajax-waiting').addClass('show');$(this).closest('form').submit();" id="frm-productFilter-brandConstraintForm-value-3571" value="3571" aria-label="!Game of Africa (1)">
                            <label for="frm-productFilter-brandConstraintForm-value-3571">Game of Africa (1)</label>
                        </div>


                                                         <div class="form-row" style="display: none;">
                            <input type="checkbox" name="value[]" onchange=" $('.filter-ajax-waiting').addClass('show');$(this).closest('form').submit();" id="frm-productFilter-brandConstraintForm-value-59" value="59" aria-label="!Garnier (30)">
                            <label for="frm-productFilter-brandConstraintForm-value-59">Garnier (30)</label>
                        </div>


                                                         <div class="form-row" style="display: none;">
                            <input type="checkbox" name="value[]" onchange=" $('.filter-ajax-waiting').addClass('show');$(this).closest('form').submit();" id="frm-productFilter-brandConstraintForm-value-550" value="550" aria-label="!Garrone (3)">
                            <label for="frm-productFilter-brandConstraintForm-value-550">Garrone (3)</label>
                        </div>


                                                         <div class="form-row" style="display: none;">
                            <input type="checkbox" name="value[]" onchange=" $('.filter-ajax-waiting').addClass('show');$(this).closest('form').submit();" id="frm-productFilter-brandConstraintForm-value-824" value="824" aria-label="!Gaston (1)">
                            <label for="frm-productFilter-brandConstraintForm-value-824">Gaston (1)</label>
                        </div>


                                                         <div class="form-row" style="display: none;">
                            <input type="checkbox" name="value[]" onchange=" $('.filter-ajax-waiting').addClass('show');$(this).closest('form').submit();" id="frm-productFilter-brandConstraintForm-value-2494" value="2494" aria-label="!Gastro (4)">
                            <label for="frm-productFilter-brandConstraintForm-value-2494">Gastro (4)</label>
                        </div>


                                                         <div class="form-row" style="display: none;">
                            <input type="checkbox" name="value[]" onchange=" $('.filter-ajax-waiting').addClass('show');$(this).closest('form').submit();" id="frm-productFilter-brandConstraintForm-value-2220" value="2220" aria-label="!Gazda (2)">
                            <label for="frm-productFilter-brandConstraintForm-value-2220">Gazda (2)</label>
                        </div>


                                                         <div class="form-row" style="display: none;">
                            <input type="checkbox" name="value[]" onchange=" $('.filter-ajax-waiting').addClass('show');$(this).closest('form').submit();" id="frm-productFilter-brandConstraintForm-value-207" value="207" aria-label="!Geisha (1)">
                            <label for="frm-productFilter-brandConstraintForm-value-207">Geisha (1)</label>
                        </div>


                                                         <div class="form-row" style="display: none;">
                            <input type="checkbox" name="value[]" onchange=" $('.filter-ajax-waiting').addClass('show');$(this).closest('form').submit();" id="frm-productFilter-brandConstraintForm-value-276" value="276" aria-label="!Giana (19)">
                            <label for="frm-productFilter-brandConstraintForm-value-276">Giana (19)</label>
                        </div>


                                                         <div class="form-row" style="display: none;">
                            <input type="checkbox" name="value[]" onchange=" $('.filter-ajax-waiting').addClass('show');$(this).closest('form').submit();" id="frm-productFilter-brandConstraintForm-value-1974" value="1974" aria-label="!Gillete (14)">
                            <label for="frm-productFilter-brandConstraintForm-value-1974">Gillete (14)</label>
                        </div>


                            <div class="form-row">
                            <input type="checkbox" name="value[]" onchange=" $('.filter-ajax-waiting').addClass('show');$(this).closest('form').submit();" id="frm-productFilter-brandConstraintForm-value-79" value="79" aria-label="!Gillette (62)">
                            <label for="frm-productFilter-brandConstraintForm-value-79">Gillette (62)</label>
                        </div>


                                                         <div class="form-row" style="display: none;">
                            <input type="checkbox" name="value[]" onchange=" $('.filter-ajax-waiting').addClass('show');$(this).closest('form').submit();" id="frm-productFilter-brandConstraintForm-value-1971" value="1971" aria-label="!Gillette Fusion (1)">
                            <label for="frm-productFilter-brandConstraintForm-value-1971">Gillette Fusion (1)</label>
                        </div>


                                                         <div class="form-row" style="display: none;">
                            <input type="checkbox" name="value[]" onchange=" $('.filter-ajax-waiting').addClass('show');$(this).closest('form').submit();" id="frm-productFilter-brandConstraintForm-value-1964" value="1964" aria-label="!Gillette Venus (1)">
                            <label for="frm-productFilter-brandConstraintForm-value-1964">Gillette Venus (1)</label>
                        </div>


                                                         <div class="form-row" style="display: none;">
                            <input type="checkbox" name="value[]" onchange=" $('.filter-ajax-waiting').addClass('show');$(this).closest('form').submit();" id="frm-productFilter-brandConstraintForm-value-3341" value="3341" aria-label="!GimCat (1)">
                            <label for="frm-productFilter-brandConstraintForm-value-3341">GimCat (1)</label>
                        </div>


                                                         <div class="form-row" style="display: none;">
                            <input type="checkbox" name="value[]" onchange=" $('.filter-ajax-waiting').addClass('show');$(this).closest('form').submit();" id="frm-productFilter-brandConstraintForm-value-2358" value="2358" aria-label="!Gimpet (4)">
                            <label for="frm-productFilter-brandConstraintForm-value-2358">Gimpet (4)</label>
                        </div>


                                                         <div class="form-row" style="display: none;">
                            <input type="checkbox" name="value[]" onchange=" $('.filter-ajax-waiting').addClass('show');$(this).closest('form').submit();" id="frm-productFilter-brandConstraintForm-value-3442" value="3442" aria-label="!Glade (1)">
                            <label for="frm-productFilter-brandConstraintForm-value-3442">Glade (1)</label>
                        </div>


                                                         <div class="form-row" style="display: none;">
                            <input type="checkbox" name="value[]" onchange=" $('.filter-ajax-waiting').addClass('show');$(this).closest('form').submit();" id="frm-productFilter-brandConstraintForm-value-535" value="535" aria-label="!Glenfiddich (2)">
                            <label for="frm-productFilter-brandConstraintForm-value-535">Glenfiddich (2)</label>
                        </div>


                                                         <div class="form-row" style="display: none;">
                            <input type="checkbox" name="value[]" onchange=" $('.filter-ajax-waiting').addClass('show');$(this).closest('form').submit();" id="frm-productFilter-brandConstraintForm-value-3488" value="3488" aria-label="!Glenn Hill (1)">
                            <label for="frm-productFilter-brandConstraintForm-value-3488">Glenn Hill (1)</label>
                        </div>


                                                         <div class="form-row" style="display: none;">
                            <input type="checkbox" name="value[]" onchange=" $('.filter-ajax-waiting').addClass('show');$(this).closest('form').submit();" id="frm-productFilter-brandConstraintForm-value-2374" value="2374" aria-label="!Gliss Kur (10)">
                            <label for="frm-productFilter-brandConstraintForm-value-2374">Gliss Kur (10)</label>
                        </div>


                                                         <div class="form-row" style="display: none;">
                            <input type="checkbox" name="value[]" onchange=" $('.filter-ajax-waiting').addClass('show');$(this).closest('form').submit();" id="frm-productFilter-brandConstraintForm-value-2925" value="2925" aria-label="!Godet (1)">
                            <label for="frm-productFilter-brandConstraintForm-value-2925">Godet (1)</label>
                        </div>


                                                         <div class="form-row" style="display: none;">
                            <input type="checkbox" name="value[]" onchange=" $('.filter-ajax-waiting').addClass('show');$(this).closest('form').submit();" id="frm-productFilter-brandConstraintForm-value-244" value="244" aria-label="!Golden Snack (1)">
                            <label for="frm-productFilter-brandConstraintForm-value-244">Golden Snack (1)</label>
                        </div>


                                                         <div class="form-row" style="display: none;">
                            <input type="checkbox" name="value[]" onchange=" $('.filter-ajax-waiting').addClass('show');$(this).closest('form').submit();" id="frm-productFilter-brandConstraintForm-value-2870" value="2870" aria-label="!Goldens (3)">
                            <label for="frm-productFilter-brandConstraintForm-value-2870">Goldens (3)</label>
                        </div>


                                                         <div class="form-row" style="display: none;">
                            <input type="checkbox" name="value[]" onchange=" $('.filter-ajax-waiting').addClass('show');$(this).closest('form').submit();" id="frm-productFilter-brandConstraintForm-value-3572" value="3572" aria-label="!Gonzalez Byass (1)">
                            <label for="frm-productFilter-brandConstraintForm-value-3572">Gonzalez Byass (1)</label>
                        </div>


                                                         <div class="form-row" style="display: none;">
                            <input type="checkbox" name="value[]" onchange=" $('.filter-ajax-waiting').addClass('show');$(this).closest('form').submit();" id="frm-productFilter-brandConstraintForm-value-3051" value="3051" aria-label="!Good Gout (4)">
                            <label for="frm-productFilter-brandConstraintForm-value-3051">Good Gout (4)</label>
                        </div>


                                                         <div class="form-row" style="display: none;">
                            <input type="checkbox" name="value[]" onchange=" $('.filter-ajax-waiting').addClass('show');$(this).closest('form').submit();" id="frm-productFilter-brandConstraintForm-value-2451" value="2451" aria-label="!Gosmit (1)">
                            <label for="frm-productFilter-brandConstraintForm-value-2451">Gosmit (1)</label>
                        </div>


                                                         <div class="form-row" style="display: none;">
                            <input type="checkbox" name="value[]" onchange=" $('.filter-ajax-waiting').addClass('show');$(this).closest('form').submit();" id="frm-productFilter-brandConstraintForm-value-16" value="16" aria-label="!Gourmet (6)">
                            <label for="frm-productFilter-brandConstraintForm-value-16">Gourmet (6)</label>
                        </div>


                                                         <div class="form-row" style="display: none;">
                            <input type="checkbox" name="value[]" onchange=" $('.filter-ajax-waiting').addClass('show');$(this).closest('form').submit();" id="frm-productFilter-brandConstraintForm-value-2360" value="2360" aria-label="!Goya (3)">
                            <label for="frm-productFilter-brandConstraintForm-value-2360">Goya (3)</label>
                        </div>


                                                         <div class="form-row" style="display: none;">
                            <input type="checkbox" name="value[]" onchange=" $('.filter-ajax-waiting').addClass('show');$(this).closest('form').submit();" id="frm-productFilter-brandConstraintForm-value-3107" value="3107" aria-label="!Gragnano (1)">
                            <label for="frm-productFilter-brandConstraintForm-value-3107">Gragnano (1)</label>
                        </div>


                                                         <div class="form-row" style="display: none;">
                            <input type="checkbox" name="value[]" onchange=" $('.filter-ajax-waiting').addClass('show');$(this).closest('form').submit();" id="frm-productFilter-brandConstraintForm-value-3076" value="3076" aria-label="!Granaro (1)">
                            <label for="frm-productFilter-brandConstraintForm-value-3076">Granaro (1)</label>
                        </div>


                                                         <div class="form-row" style="display: none;">
                            <input type="checkbox" name="value[]" onchange=" $('.filter-ajax-waiting').addClass('show');$(this).closest('form').submit();" id="frm-productFilter-brandConstraintForm-value-382" value="382" aria-label="!Granini (19)">
                            <label for="frm-productFilter-brandConstraintForm-value-382">Granini (19)</label>
                        </div>


                                                         <div class="form-row" style="display: none;">
                            <input type="checkbox" name="value[]" onchange=" $('.filter-ajax-waiting').addClass('show');$(this).closest('form').submit();" id="frm-productFilter-brandConstraintForm-value-1775" value="1775" aria-label="!Granko (1)">
                            <label for="frm-productFilter-brandConstraintForm-value-1775">Granko (1)</label>
                        </div>


                                                         <div class="form-row" style="display: none;">
                            <input type="checkbox" name="value[]" onchange=" $('.filter-ajax-waiting').addClass('show');$(this).closest('form').submit();" id="frm-productFilter-brandConstraintForm-value-3526" value="3526" aria-label="!Grans-Fassian (1)">
                            <label for="frm-productFilter-brandConstraintForm-value-3526">Grans-Fassian (1)</label>
                        </div>


                                                         <div class="form-row" style="display: none;">
                            <input type="checkbox" name="value[]" onchange=" $('.filter-ajax-waiting').addClass('show');$(this).closest('form').submit();" id="frm-productFilter-brandConstraintForm-value-2365" value="2365" aria-label="!Green Dream (3)">
                            <label for="frm-productFilter-brandConstraintForm-value-2365">Green Dream (3)</label>
                        </div>


                                                         <div class="form-row" style="display: none;">
                            <input type="checkbox" name="value[]" onchange=" $('.filter-ajax-waiting').addClass('show');$(this).closest('form').submit();" id="frm-productFilter-brandConstraintForm-value-1732" value="1732" aria-label="!Grey Goose (1)">
                            <label for="frm-productFilter-brandConstraintForm-value-1732">Grey Goose (1)</label>
                        </div>


                                                         <div class="form-row" style="display: none;">
                            <input type="checkbox" name="value[]" onchange=" $('.filter-ajax-waiting').addClass('show');$(this).closest('form').submit();" id="frm-productFilter-brandConstraintForm-value-2749" value="2749" aria-label="!Grissini (2)">
                            <label for="frm-productFilter-brandConstraintForm-value-2749">Grissini (2)</label>
                        </div>


                                                         <div class="form-row" style="display: none;">
                            <input type="checkbox" name="value[]" onchange=" $('.filter-ajax-waiting').addClass('show');$(this).closest('form').submit();" id="frm-productFilter-brandConstraintForm-value-1073" value="1073" aria-label="!Guinness (3)">
                            <label for="frm-productFilter-brandConstraintForm-value-1073">Guinness (3)</label>
                        </div>


                                                         <div class="form-row" style="display: none;">
                            <input type="checkbox" name="value[]" onchange=" $('.filter-ajax-waiting').addClass('show');$(this).closest('form').submit();" id="frm-productFilter-brandConstraintForm-value-2101" value="2101" aria-label="!HAPPY (1)">
                            <label for="frm-productFilter-brandConstraintForm-value-2101">HAPPY (1)</label>
                        </div>


                                                         <div class="form-row" style="display: none;">
                            <input type="checkbox" name="value[]" onchange=" $('.filter-ajax-waiting').addClass('show');$(this).closest('form').submit();" id="frm-productFilter-brandConstraintForm-value-2972" value="2972" aria-label="!HELLMANN´S (2)">
                            <label for="frm-productFilter-brandConstraintForm-value-2972">HELLMANN´S (2)</label>
                        </div>


                                                         <div class="form-row" style="display: none;">
                            <input type="checkbox" name="value[]" onchange=" $('.filter-ajax-waiting').addClass('show');$(this).closest('form').submit();" id="frm-productFilter-brandConstraintForm-value-3505" value="3505" aria-label="!Habaček (8)">
                            <label for="frm-productFilter-brandConstraintForm-value-3505">Habaček (8)</label>
                        </div>


                                                         <div class="form-row" style="display: none;">
                            <input type="checkbox" name="value[]" onchange=" $('.filter-ajax-waiting').addClass('show');$(this).closest('form').submit();" id="frm-productFilter-brandConstraintForm-value-466" value="466" aria-label="!Habánské Sklepy (11)">
                            <label for="frm-productFilter-brandConstraintForm-value-466">Habánské Sklepy (11)</label>
                        </div>


                                                         <div class="form-row" style="display: none;">
                            <input type="checkbox" name="value[]" onchange=" $('.filter-ajax-waiting').addClass('show');$(this).closest('form').submit();" id="frm-productFilter-brandConstraintForm-value-1431" value="1431" aria-label="!Habánské skepy (2)">
                            <label for="frm-productFilter-brandConstraintForm-value-1431">Habánské skepy (2)</label>
                        </div>


                                                         <div class="form-row" style="display: none;">
                            <input type="checkbox" name="value[]" onchange=" $('.filter-ajax-waiting').addClass('show');$(this).closest('form').submit();" id="frm-productFilter-brandConstraintForm-value-2445" value="2445" aria-label="!Hacienda (2)">
                            <label for="frm-productFilter-brandConstraintForm-value-2445">Hacienda (2)</label>
                        </div>


                                                         <div class="form-row" style="display: none;">
                            <input type="checkbox" name="value[]" onchange=" $('.filter-ajax-waiting').addClass('show');$(this).closest('form').submit();" id="frm-productFilter-brandConstraintForm-value-1458" value="1458" aria-label="!Hami (4)">
                            <label for="frm-productFilter-brandConstraintForm-value-1458">Hami (4)</label>
                        </div>


                                                         <div class="form-row" style="display: none;">
                            <input type="checkbox" name="value[]" onchange=" $('.filter-ajax-waiting').addClass('show');$(this).closest('form').submit();" id="frm-productFilter-brandConstraintForm-value-2049" value="2049" aria-label="!Hamlet (2)">
                            <label for="frm-productFilter-brandConstraintForm-value-2049">Hamlet (2)</label>
                        </div>


                                                         <div class="form-row" style="display: none;">
                            <input type="checkbox" name="value[]" onchange=" $('.filter-ajax-waiting').addClass('show');$(this).closest('form').submit();" id="frm-productFilter-brandConstraintForm-value-2878" value="2878" aria-label="!Hampstead (2)">
                            <label for="frm-productFilter-brandConstraintForm-value-2878">Hampstead (2)</label>
                        </div>


                                                         <div class="form-row" style="display: none;">
                            <input type="checkbox" name="value[]" onchange=" $('.filter-ajax-waiting').addClass('show');$(this).closest('form').submit();" id="frm-productFilter-brandConstraintForm-value-2" value="2" aria-label="!Hamé (11)">
                            <label for="frm-productFilter-brandConstraintForm-value-2">Hamé (11)</label>
                        </div>


                                                         <div class="form-row" style="display: none;">
                            <input type="checkbox" name="value[]" onchange=" $('.filter-ajax-waiting').addClass('show');$(this).closest('form').submit();" id="frm-productFilter-brandConstraintForm-value-515" value="515" aria-label="!Hanácká (4)">
                            <label for="frm-productFilter-brandConstraintForm-value-515">Hanácká (4)</label>
                        </div>


                                                         <div class="form-row" style="display: none;">
                            <input type="checkbox" name="value[]" onchange=" $('.filter-ajax-waiting').addClass('show');$(this).closest('form').submit();" id="frm-productFilter-brandConstraintForm-value-2940" value="2940" aria-label="!Happy Green (3)">
                            <label for="frm-productFilter-brandConstraintForm-value-2940">Happy Green (3)</label>
                        </div>


                                                         <div class="form-row" style="display: none;">
                            <input type="checkbox" name="value[]" onchange=" $('.filter-ajax-waiting').addClass('show');$(this).closest('form').submit();" id="frm-productFilter-brandConstraintForm-value-2892" value="2892" aria-label="!Harboe (1)">
                            <label for="frm-productFilter-brandConstraintForm-value-2892">Harboe (1)</label>
                        </div>


                                                         <div class="form-row" style="display: none;">
                            <input type="checkbox" name="value[]" onchange=" $('.filter-ajax-waiting').addClass('show');$(this).closest('form').submit();" id="frm-productFilter-brandConstraintForm-value-3222" value="3222" aria-label="!Harmasan (1)">
                            <label for="frm-productFilter-brandConstraintForm-value-3222">Harmasan (1)</label>
                        </div>


                                                         <div class="form-row" style="display: none;">
                            <input type="checkbox" name="value[]" onchange=" $('.filter-ajax-waiting').addClass('show');$(this).closest('form').submit();" id="frm-productFilter-brandConstraintForm-value-1476" value="1476" aria-label="!Harmony (1)">
                            <label for="frm-productFilter-brandConstraintForm-value-1476">Harmony (1)</label>
                        </div>


                                                         <div class="form-row" style="display: none;">
                            <input type="checkbox" name="value[]" onchange=" $('.filter-ajax-waiting').addClass('show');$(this).closest('form').submit();" id="frm-productFilter-brandConstraintForm-value-516" value="516" aria-label="!Havana Club (4)">
                            <label for="frm-productFilter-brandConstraintForm-value-516">Havana Club (4)</label>
                        </div>


                                                         <div class="form-row" style="display: none;">
                            <input type="checkbox" name="value[]" onchange=" $('.filter-ajax-waiting').addClass('show');$(this).closest('form').submit();" id="frm-productFilter-brandConstraintForm-value-60" value="60" aria-label="!Head &amp; Shoulders (4)">
                            <label for="frm-productFilter-brandConstraintForm-value-60">Head &amp; Shoulders (4)</label>
                        </div>


                                                         <div class="form-row" style="display: none;">
                            <input type="checkbox" name="value[]" onchange=" $('.filter-ajax-waiting').addClass('show');$(this).closest('form').submit();" id="frm-productFilter-brandConstraintForm-value-2454" value="2454" aria-label="!Heidi (14)">
                            <label for="frm-productFilter-brandConstraintForm-value-2454">Heidi (14)</label>
                        </div>


                                                         <div class="form-row" style="display: none;">
                            <input type="checkbox" name="value[]" onchange=" $('.filter-ajax-waiting').addClass('show');$(this).closest('form').submit();" id="frm-productFilter-brandConstraintForm-value-136" value="136" aria-label="!Hellmann's (6)">
                            <label for="frm-productFilter-brandConstraintForm-value-136">Hellmann's (6)</label>
                        </div>


                                                         <div class="form-row" style="display: none;">
                            <input type="checkbox" name="value[]" onchange=" $('.filter-ajax-waiting').addClass('show');$(this).closest('form').submit();" id="frm-productFilter-brandConstraintForm-value-383" value="383" aria-label="!Hello (16)">
                            <label for="frm-productFilter-brandConstraintForm-value-383">Hello (16)</label>
                        </div>


                                                         <div class="form-row" style="display: none;">
                            <input type="checkbox" name="value[]" onchange=" $('.filter-ajax-waiting').addClass('show');$(this).closest('form').submit();" id="frm-productFilter-brandConstraintForm-value-997" value="997" aria-label="!Hello Kitty (1)">
                            <label for="frm-productFilter-brandConstraintForm-value-997">Hello Kitty (1)</label>
                        </div>


                            <div class="form-row">
                            <input type="checkbox" name="value[]" onchange=" $('.filter-ajax-waiting').addClass('show');$(this).closest('form').submit();" id="frm-productFilter-brandConstraintForm-value-1460" value="1460" aria-label="!HiPP (80)">
                            <label for="frm-productFilter-brandConstraintForm-value-1460">HiPP (80)</label>
                        </div>


                                                         <div class="form-row" style="display: none;">
                            <input type="checkbox" name="value[]" onchange=" $('.filter-ajax-waiting').addClass('show');$(this).closest('form').submit();" id="frm-productFilter-brandConstraintForm-value-2361" value="2361" aria-label="!Hill's (1)">
                            <label for="frm-productFilter-brandConstraintForm-value-2361">Hill's (1)</label>
                        </div>


                                                         <div class="form-row" style="display: none;">
                            <input type="checkbox" name="value[]" onchange=" $('.filter-ajax-waiting').addClass('show');$(this).closest('form').submit();" id="frm-productFilter-brandConstraintForm-value-3308" value="3308" aria-label="!Hillside (3)">
                            <label for="frm-productFilter-brandConstraintForm-value-3308">Hillside (3)</label>
                        </div>


                                                         <div class="form-row" style="display: none;">
                            <input type="checkbox" name="value[]" onchange=" $('.filter-ajax-waiting').addClass('show');$(this).closest('form').submit();" id="frm-productFilter-brandConstraintForm-value-932" value="932" aria-label="!Hollandia (3)">
                            <label for="frm-productFilter-brandConstraintForm-value-932">Hollandia (3)</label>
                        </div>


                                                         <div class="form-row" style="display: none;">
                            <input type="checkbox" name="value[]" onchange=" $('.filter-ajax-waiting').addClass('show');$(this).closest('form').submit();" id="frm-productFilter-brandConstraintForm-value-3179" value="3179" aria-label="!Hollinger (1)">
                            <label for="frm-productFilter-brandConstraintForm-value-3179">Hollinger (1)</label>
                        </div>


                                                         <div class="form-row" style="display: none;">
                            <input type="checkbox" name="value[]" onchange=" $('.filter-ajax-waiting').addClass('show');$(this).closest('form').submit();" id="frm-productFilter-brandConstraintForm-value-3164" value="3164" aria-label="!Hoštické Hnojivo (4)">
                            <label for="frm-productFilter-brandConstraintForm-value-3164">Hoštické Hnojivo (4)</label>
                        </div>


                                                         <div class="form-row" style="display: none;">
                            <input type="checkbox" name="value[]" onchange=" $('.filter-ajax-waiting').addClass('show');$(this).closest('form').submit();" id="frm-productFilter-brandConstraintForm-value-3500" value="3500" aria-label="!Hristina (2)">
                            <label for="frm-productFilter-brandConstraintForm-value-3500">Hristina (2)</label>
                        </div>


                                                         <div class="form-row" style="display: none;">
                            <input type="checkbox" name="value[]" onchange=" $('.filter-ajax-waiting').addClass('show');$(this).closest('form').submit();" id="frm-productFilter-brandConstraintForm-value-8" value="8" aria-label="!Huggies (1)">
                            <label for="frm-productFilter-brandConstraintForm-value-8">Huggies (1)</label>
                        </div>


                                                         <div class="form-row" style="display: none;">
                            <input type="checkbox" name="value[]" onchange=" $('.filter-ajax-waiting').addClass('show');$(this).closest('form').submit();" id="frm-productFilter-brandConstraintForm-value-2313" value="2313" aria-label="!Huhubamboo (8)">
                            <label for="frm-productFilter-brandConstraintForm-value-2313">Huhubamboo (8)</label>
                        </div>


                                                         <div class="form-row" style="display: none;">
                            <input type="checkbox" name="value[]" onchange=" $('.filter-ajax-waiting').addClass('show');$(this).closest('form').submit();" id="frm-productFilter-brandConstraintForm-value-1595" value="1595" aria-label="!Häagen-Dazs (8)">
                            <label for="frm-productFilter-brandConstraintForm-value-1595">Häagen-Dazs (8)</label>
                        </div>


                                                         <div class="form-row" style="display: none;">
                            <input type="checkbox" name="value[]" onchange=" $('.filter-ajax-waiting').addClass('show');$(this).closest('form').submit();" id="frm-productFilter-brandConstraintForm-value-2231" value="2231" aria-label="!I love hummus (2)">
                            <label for="frm-productFilter-brandConstraintForm-value-2231">I love hummus (2)</label>
                        </div>


                                                         <div class="form-row" style="display: none;">
                            <input type="checkbox" name="value[]" onchange=" $('.filter-ajax-waiting').addClass('show');$(this).closest('form').submit();" id="frm-productFilter-brandConstraintForm-value-3538" value="3538" aria-label="!IQejce (1)">
                            <label for="frm-productFilter-brandConstraintForm-value-3538">IQejce (1)</label>
                        </div>


                                                         <div class="form-row" style="display: none;">
                            <input type="checkbox" name="value[]" onchange=" $('.filter-ajax-waiting').addClass('show');$(this).closest('form').submit();" id="frm-productFilter-brandConstraintForm-value-58" value="58" aria-label="!Indulona (3)">
                            <label for="frm-productFilter-brandConstraintForm-value-58">Indulona (3)</label>
                        </div>


                                                         <div class="form-row" style="display: none;">
                            <input type="checkbox" name="value[]" onchange=" $('.filter-ajax-waiting').addClass('show');$(this).closest('form').submit();" id="frm-productFilter-brandConstraintForm-value-2882" value="2882" aria-label="!Innis &amp; Gunn (2)">
                            <label for="frm-productFilter-brandConstraintForm-value-2882">Innis &amp; Gunn (2)</label>
                        </div>


                                                         <div class="form-row" style="display: none;">
                            <input type="checkbox" name="value[]" onchange=" $('.filter-ajax-waiting').addClass('show');$(this).closest('form').submit();" id="frm-productFilter-brandConstraintForm-value-2976" value="2976" aria-label="!Instituto Espanol (2)">
                            <label for="frm-productFilter-brandConstraintForm-value-2976">Instituto Espanol (2)</label>
                        </div>


                                                         <div class="form-row" style="display: none;">
                            <input type="checkbox" name="value[]" onchange=" $('.filter-ajax-waiting').addClass('show');$(this).closest('form').submit();" id="frm-productFilter-brandConstraintForm-value-2788" value="2788" aria-label="!Isoline (10)">
                            <label for="frm-productFilter-brandConstraintForm-value-2788">Isoline (10)</label>
                        </div>


                                                         <div class="form-row" style="display: none;">
                            <input type="checkbox" name="value[]" onchange=" $('.filter-ajax-waiting').addClass('show');$(this).closest('form').submit();" id="frm-productFilter-brandConstraintForm-value-2230" value="2230" aria-label="!Iswari (1)">
                            <label for="frm-productFilter-brandConstraintForm-value-2230">Iswari (1)</label>
                        </div>


                                                         <div class="form-row" style="display: none;">
                            <input type="checkbox" name="value[]" onchange=" $('.filter-ajax-waiting').addClass('show');$(this).closest('form').submit();" id="frm-productFilter-brandConstraintForm-value-2400" value="2400" aria-label="!Izzo (2)">
                            <label for="frm-productFilter-brandConstraintForm-value-2400">Izzo (2)</label>
                        </div>


                                                         <div class="form-row" style="display: none;">
                            <input type="checkbox" name="value[]" onchange=" $('.filter-ajax-waiting').addClass('show');$(this).closest('form').submit();" id="frm-productFilter-brandConstraintForm-value-475" value="475" aria-label="!J.P. Chenet (5)">
                            <label for="frm-productFilter-brandConstraintForm-value-475">J.P. Chenet (5)</label>
                        </div>


                                                         <div class="form-row" style="display: none;">
                            <input type="checkbox" name="value[]" onchange=" $('.filter-ajax-waiting').addClass('show');$(this).closest('form').submit();" id="frm-productFilter-brandConstraintForm-value-538" value="538" aria-label="!Jack Daniel's (10)">
                            <label for="frm-productFilter-brandConstraintForm-value-538">Jack Daniel's (10)</label>
                        </div>


                                                         <div class="form-row" style="display: none;">
                            <input type="checkbox" name="value[]" onchange=" $('.filter-ajax-waiting').addClass('show');$(this).closest('form').submit();" id="frm-productFilter-brandConstraintForm-value-482" value="482" aria-label="!Jacob's Creek (7)">
                            <label for="frm-productFilter-brandConstraintForm-value-482">Jacob's Creek (7)</label>
                        </div>


                                                         <div class="form-row" style="display: none;">
                            <input type="checkbox" name="value[]" onchange=" $('.filter-ajax-waiting').addClass('show');$(this).closest('form').submit();" id="frm-productFilter-brandConstraintForm-value-1253" value="1253" aria-label="!Jacobs Creek (1)">
                            <label for="frm-productFilter-brandConstraintForm-value-1253">Jacobs Creek (1)</label>
                        </div>


                                                         <div class="form-row" style="display: none;">
                            <input type="checkbox" name="value[]" onchange=" $('.filter-ajax-waiting').addClass('show');$(this).closest('form').submit();" id="frm-productFilter-brandConstraintForm-value-937" value="937" aria-label="!Jacoby (1)">
                            <label for="frm-productFilter-brandConstraintForm-value-937">Jacoby (1)</label>
                        </div>


                                                         <div class="form-row" style="display: none;">
                            <input type="checkbox" name="value[]" onchange=" $('.filter-ajax-waiting').addClass('show');$(this).closest('form').submit();" id="frm-productFilter-brandConstraintForm-value-539" value="539" aria-label="!Jameson (3)">
                            <label for="frm-productFilter-brandConstraintForm-value-539">Jameson (3)</label>
                        </div>


                                                         <div class="form-row" style="display: none;">
                            <input type="checkbox" name="value[]" onchange=" $('.filter-ajax-waiting').addClass('show');$(this).closest('form').submit();" id="frm-productFilter-brandConstraintForm-value-3342" value="3342" aria-label="!Janette (1)">
                            <label for="frm-productFilter-brandConstraintForm-value-3342">Janette (1)</label>
                        </div>


                                                         <div class="form-row" style="display: none;">
                            <input type="checkbox" name="value[]" onchange=" $('.filter-ajax-waiting').addClass('show');$(this).closest('form').submit();" id="frm-productFilter-brandConstraintForm-value-30" value="30" aria-label="!Jar (11)">
                            <label for="frm-productFilter-brandConstraintForm-value-30">Jar (11)</label>
                        </div>


                                                         <div class="form-row" style="display: none;">
                            <input type="checkbox" name="value[]" onchange=" $('.filter-ajax-waiting').addClass('show');$(this).closest('form').submit();" id="frm-productFilter-brandConstraintForm-value-3514" value="3514" aria-label="!Jean Paul Loret (1)">
                            <label for="frm-productFilter-brandConstraintForm-value-3514">Jean Paul Loret (1)</label>
                        </div>


                                                         <div class="form-row" style="display: none;">
                            <input type="checkbox" name="value[]" onchange=" $('.filter-ajax-waiting').addClass('show');$(this).closest('form').submit();" id="frm-productFilter-brandConstraintForm-value-1138" value="1138" aria-label="!Jelzin (6)">
                            <label for="frm-productFilter-brandConstraintForm-value-1138">Jelzin (6)</label>
                        </div>


                                                         <div class="form-row" style="display: none;">
                            <input type="checkbox" name="value[]" onchange=" $('.filter-ajax-waiting').addClass('show');$(this).closest('form').submit();" id="frm-productFilter-brandConstraintForm-value-3176" value="3176" aria-label="!Jemná Špetka (1)">
                            <label for="frm-productFilter-brandConstraintForm-value-3176">Jemná Špetka (1)</label>
                        </div>


                                                         <div class="form-row" style="display: none;">
                            <input type="checkbox" name="value[]" onchange=" $('.filter-ajax-waiting').addClass('show');$(this).closest('form').submit();" id="frm-productFilter-brandConstraintForm-value-540" value="540" aria-label="!Jim Beam (3)">
                            <label for="frm-productFilter-brandConstraintForm-value-540">Jim Beam (3)</label>
                        </div>


                                                         <div class="form-row" style="display: none;">
                            <input type="checkbox" name="value[]" onchange=" $('.filter-ajax-waiting').addClass('show');$(this).closest('form').submit();" id="frm-productFilter-brandConstraintForm-value-3000" value="3000" aria-label="!JimBeam (1)">
                            <label for="frm-productFilter-brandConstraintForm-value-3000">JimBeam (1)</label>
                        </div>


                                                         <div class="form-row" style="display: none;">
                            <input type="checkbox" name="value[]" onchange=" $('.filter-ajax-waiting').addClass('show');$(this).closest('form').submit();" id="frm-productFilter-brandConstraintForm-value-2780" value="2780" aria-label="!John Medley´s (1)">
                            <label for="frm-productFilter-brandConstraintForm-value-2780">John Medley´s (1)</label>
                        </div>


                                                         <div class="form-row" style="display: none;">
                            <input type="checkbox" name="value[]" onchange=" $('.filter-ajax-waiting').addClass('show');$(this).closest('form').submit();" id="frm-productFilter-brandConstraintForm-value-541" value="541" aria-label="!Johnnie Walker (3)">
                            <label for="frm-productFilter-brandConstraintForm-value-541">Johnnie Walker (3)</label>
                        </div>


                                                         <div class="form-row" style="display: none;">
                            <input type="checkbox" name="value[]" onchange=" $('.filter-ajax-waiting').addClass('show');$(this).closest('form').submit();" id="frm-productFilter-brandConstraintForm-value-1464" value="1464" aria-label="!Johnson's Baby (2)">
                            <label for="frm-productFilter-brandConstraintForm-value-1464">Johnson's Baby (2)</label>
                        </div>


                                                         <div class="form-row" style="display: none;">
                            <input type="checkbox" name="value[]" onchange=" $('.filter-ajax-waiting').addClass('show');$(this).closest('form').submit();" id="frm-productFilter-brandConstraintForm-value-215" value="215" aria-label="!Jojo (1)">
                            <label for="frm-productFilter-brandConstraintForm-value-215">Jojo (1)</label>
                        </div>


                                                         <div class="form-row" style="display: none;">
                            <input type="checkbox" name="value[]" onchange=" $('.filter-ajax-waiting').addClass('show');$(this).closest('form').submit();" id="frm-productFilter-brandConstraintForm-value-2137" value="2137" aria-label="!Jumex (6)">
                            <label for="frm-productFilter-brandConstraintForm-value-2137">Jumex (6)</label>
                        </div>


                                                         <div class="form-row" style="display: none;">
                            <input type="checkbox" name="value[]" onchange=" $('.filter-ajax-waiting').addClass('show');$(this).closest('form').submit();" id="frm-productFilter-brandConstraintForm-value-393" value="393" aria-label="!Jupik (1)">
                            <label for="frm-productFilter-brandConstraintForm-value-393">Jupik (1)</label>
                        </div>


                                                         <div class="form-row" style="display: none;">
                            <input type="checkbox" name="value[]" onchange=" $('.filter-ajax-waiting').addClass('show');$(this).closest('form').submit();" id="frm-productFilter-brandConstraintForm-value-389" value="389" aria-label="!Jupí (16)">
                            <label for="frm-productFilter-brandConstraintForm-value-389">Jupí (16)</label>
                        </div>


                                                         <div class="form-row" style="display: none;">
                            <input type="checkbox" name="value[]" onchange=" $('.filter-ajax-waiting').addClass('show');$(this).closest('form').submit();" id="frm-productFilter-brandConstraintForm-value-1807" value="1807" aria-label="!Jupík Aqua (1)">
                            <label for="frm-productFilter-brandConstraintForm-value-1807">Jupík Aqua (1)</label>
                        </div>


                                                         <div class="form-row" style="display: none;">
                            <input type="checkbox" name="value[]" onchange=" $('.filter-ajax-waiting').addClass('show');$(this).closest('form').submit();" id="frm-productFilter-brandConstraintForm-value-564" value="564" aria-label="!Jägermeister (1)">
                            <label for="frm-productFilter-brandConstraintForm-value-564">Jägermeister (1)</label>
                        </div>


                                                         <div class="form-row" style="display: none;">
                            <input type="checkbox" name="value[]" onchange=" $('.filter-ajax-waiting').addClass('show');$(this).closest('form').submit();" id="frm-productFilter-brandConstraintForm-value-2965" value="2965" aria-label="!KV 14 (1)">
                            <label for="frm-productFilter-brandConstraintForm-value-2965">KV 14 (1)</label>
                        </div>


                                                         <div class="form-row" style="display: none;">
                            <input type="checkbox" name="value[]" onchange=" $('.filter-ajax-waiting').addClass('show');$(this).closest('form').submit();" id="frm-productFilter-brandConstraintForm-value-2874" value="2874" aria-label="!Kaaswinkeltje (3)">
                            <label for="frm-productFilter-brandConstraintForm-value-2874">Kaaswinkeltje (3)</label>
                        </div>


                                                         <div class="form-row" style="display: none;">
                            <input type="checkbox" name="value[]" onchange=" $('.filter-ajax-waiting').addClass('show');$(this).closest('form').submit();" id="frm-productFilter-brandConstraintForm-value-2969" value="2969" aria-label="!Kahlua (1)">
                            <label for="frm-productFilter-brandConstraintForm-value-2969">Kahlua (1)</label>
                        </div>


                                                         <div class="form-row" style="display: none;">
                            <input type="checkbox" name="value[]" onchange=" $('.filter-ajax-waiting').addClass('show');$(this).closest('form').submit();" id="frm-productFilter-brandConstraintForm-value-611" value="611" aria-label="!Kaiser Franz Josef (10)">
                            <label for="frm-productFilter-brandConstraintForm-value-611">Kaiser Franz Josef (10)</label>
                        </div>


                                                         <div class="form-row" style="display: none;">
                            <input type="checkbox" name="value[]" onchange=" $('.filter-ajax-waiting').addClass('show');$(this).closest('form').submit();" id="frm-productFilter-brandConstraintForm-value-916" value="916" aria-label="!Kand (1)">
                            <label for="frm-productFilter-brandConstraintForm-value-916">Kand (1)</label>
                        </div>


                                                         <div class="form-row" style="display: none;">
                            <input type="checkbox" name="value[]" onchange=" $('.filter-ajax-waiting').addClass('show');$(this).closest('form').submit();" id="frm-productFilter-brandConstraintForm-value-2441" value="2441" aria-label="!Karl Fazer (3)">
                            <label for="frm-productFilter-brandConstraintForm-value-2441">Karl Fazer (3)</label>
                        </div>


                                                         <div class="form-row" style="display: none;">
                            <input type="checkbox" name="value[]" onchange=" $('.filter-ajax-waiting').addClass('show');$(this).closest('form').submit();" id="frm-productFilter-brandConstraintForm-value-877" value="877" aria-label="!Karlovarské minerální vody (4)">
                            <label for="frm-productFilter-brandConstraintForm-value-877">Karlovarské minerální vody (4)</label>
                        </div>


                                                         <div class="form-row" style="display: none;">
                            <input type="checkbox" name="value[]" onchange=" $('.filter-ajax-waiting').addClass('show');$(this).closest('form').submit();" id="frm-productFilter-brandConstraintForm-value-2719" value="2719" aria-label="!Kellogg's (2)">
                            <label for="frm-productFilter-brandConstraintForm-value-2719">Kellogg's (2)</label>
                        </div>


                                                         <div class="form-row" style="display: none;">
                            <input type="checkbox" name="value[]" onchange=" $('.filter-ajax-waiting').addClass('show');$(this).closest('form').submit();" id="frm-productFilter-brandConstraintForm-value-119" value="119" aria-label="!Kinder (1)">
                            <label for="frm-productFilter-brandConstraintForm-value-119">Kinder (1)</label>
                        </div>


                                                         <div class="form-row" style="display: none;">
                            <input type="checkbox" name="value[]" onchange=" $('.filter-ajax-waiting').addClass('show');$(this).closest('form').submit();" id="frm-productFilter-brandConstraintForm-value-3486" value="3486" aria-label="!King of Spirits (1)">
                            <label for="frm-productFilter-brandConstraintForm-value-3486">King of Spirits (1)</label>
                        </div>


                                                         <div class="form-row" style="display: none;">
                            <input type="checkbox" name="value[]" onchange=" $('.filter-ajax-waiting').addClass('show');$(this).closest('form').submit();" id="frm-productFilter-brandConstraintForm-value-636" value="636" aria-label="!Kingswood (1)">
                            <label for="frm-productFilter-brandConstraintForm-value-636">Kingswood (1)</label>
                        </div>


                                                         <div class="form-row" style="display: none;">
                            <input type="checkbox" name="value[]" onchange=" $('.filter-ajax-waiting').addClass('show');$(this).closest('form').submit();" id="frm-productFilter-brandConstraintForm-value-12" value="12" aria-label="!Kitekat (1)">
                            <label for="frm-productFilter-brandConstraintForm-value-12">Kitekat (1)</label>
                        </div>


                                                         <div class="form-row" style="display: none;">
                            <input type="checkbox" name="value[]" onchange=" $('.filter-ajax-waiting').addClass('show');$(this).closest('form').submit();" id="frm-productFilter-brandConstraintForm-value-2483" value="2483" aria-label="!Kiwi Cuvée (1)">
                            <label for="frm-productFilter-brandConstraintForm-value-2483">Kiwi Cuvée (1)</label>
                        </div>


                                                         <div class="form-row" style="display: none;">
                            <input type="checkbox" name="value[]" onchange=" $('.filter-ajax-waiting').addClass('show');$(this).closest('form').submit();" id="frm-productFilter-brandConstraintForm-value-2782" value="2782" aria-label="!Kneipp (2)">
                            <label for="frm-productFilter-brandConstraintForm-value-2782">Kneipp (2)</label>
                        </div>


                                                         <div class="form-row" style="display: none;">
                            <input type="checkbox" name="value[]" onchange=" $('.filter-ajax-waiting').addClass('show');$(this).closest('form').submit();" id="frm-productFilter-brandConstraintForm-value-271" value="271" aria-label="!Knorr (8)">
                            <label for="frm-productFilter-brandConstraintForm-value-271">Knorr (8)</label>
                        </div>


                                                         <div class="form-row" style="display: none;">
                            <input type="checkbox" name="value[]" onchange=" $('.filter-ajax-waiting').addClass('show');$(this).closest('form').submit();" id="frm-productFilter-brandConstraintForm-value-411" value="411" aria-label="!Kofola (3)">
                            <label for="frm-productFilter-brandConstraintForm-value-411">Kofola (3)</label>
                        </div>


                                                         <div class="form-row" style="display: none;">
                            <input type="checkbox" name="value[]" onchange=" $('.filter-ajax-waiting').addClass('show');$(this).closest('form').submit();" id="frm-productFilter-brandConstraintForm-value-2183" value="2183" aria-label="!Koldokol (1)">
                            <label for="frm-productFilter-brandConstraintForm-value-2183">Koldokol (1)</label>
                        </div>


                                                         <div class="form-row" style="display: none;">
                            <input type="checkbox" name="value[]" onchange=" $('.filter-ajax-waiting').addClass('show');$(this).closest('form').submit();" id="frm-productFilter-brandConstraintForm-value-2466" value="2466" aria-label="!Komako (2)">
                            <label for="frm-productFilter-brandConstraintForm-value-2466">Komako (2)</label>
                        </div>


                                                         <div class="form-row" style="display: none;">
                            <input type="checkbox" name="value[]" onchange=" $('.filter-ajax-waiting').addClass('show');$(this).closest('form').submit();" id="frm-productFilter-brandConstraintForm-value-1070" value="1070" aria-label="!Kopparberg (3)">
                            <label for="frm-productFilter-brandConstraintForm-value-1070">Kopparberg (3)</label>
                        </div>


                                                         <div class="form-row" style="display: none;">
                            <input type="checkbox" name="value[]" onchange=" $('.filter-ajax-waiting').addClass('show');$(this).closest('form').submit();" id="frm-productFilter-brandConstraintForm-value-2581" value="2581" aria-label="!Kores (19)">
                            <label for="frm-productFilter-brandConstraintForm-value-2581">Kores (19)</label>
                        </div>


                                                         <div class="form-row" style="display: none;">
                            <input type="checkbox" name="value[]" onchange=" $('.filter-ajax-waiting').addClass('show');$(this).closest('form').submit();" id="frm-productFilter-brandConstraintForm-value-293" value="293" aria-label="!Korunní Cukr (7)">
                            <label for="frm-productFilter-brandConstraintForm-value-293">Korunní Cukr (7)</label>
                        </div>


                                                         <div class="form-row" style="display: none;">
                            <input type="checkbox" name="value[]" onchange=" $('.filter-ajax-waiting').addClass('show');$(this).closest('form').submit();" id="frm-productFilter-brandConstraintForm-value-156" value="156" aria-label="!Kostelecké Uzeniny (1)">
                            <label for="frm-productFilter-brandConstraintForm-value-156">Kostelecké Uzeniny (1)</label>
                        </div>


                                                         <div class="form-row" style="display: none;">
                            <input type="checkbox" name="value[]" onchange=" $('.filter-ajax-waiting').addClass('show');$(this).closest('form').submit();" id="frm-productFilter-brandConstraintForm-value-1985" value="1985" aria-label="!Kotex (2)">
                            <label for="frm-productFilter-brandConstraintForm-value-1985">Kotex (2)</label>
                        </div>


                                                         <div class="form-row" style="display: none;">
                            <input type="checkbox" name="value[]" onchange=" $('.filter-ajax-waiting').addClass('show');$(this).closest('form').submit();" id="frm-productFilter-brandConstraintForm-value-299" value="299" aria-label="!Kotányi (10)">
                            <label for="frm-productFilter-brandConstraintForm-value-299">Kotányi (10)</label>
                        </div>


                                                         <div class="form-row" style="display: none;">
                            <input type="checkbox" name="value[]" onchange=" $('.filter-ajax-waiting').addClass('show');$(this).closest('form').submit();" id="frm-productFilter-brandConstraintForm-value-3537" value="3537" aria-label="!Kouzelný koš (1)">
                            <label for="frm-productFilter-brandConstraintForm-value-3537">Kouzelný koš (1)</label>
                        </div>


                                                         <div class="form-row" style="display: none;">
                            <input type="checkbox" name="value[]" onchange=" $('.filter-ajax-waiting').addClass('show');$(this).closest('form').submit();" id="frm-productFilter-brandConstraintForm-value-3329" value="3329" aria-label="!Kovacs (2)">
                            <label for="frm-productFilter-brandConstraintForm-value-3329">Kovacs (2)</label>
                        </div>


                                                         <div class="form-row" style="display: none;">
                            <input type="checkbox" name="value[]" onchange=" $('.filter-ajax-waiting').addClass('show');$(this).closest('form').submit();" id="frm-productFilter-brandConstraintForm-value-2789" value="2789" aria-label="!Kristalon (1)">
                            <label for="frm-productFilter-brandConstraintForm-value-2789">Kristalon (1)</label>
                        </div>


                                                         <div class="form-row" style="display: none;">
                            <input type="checkbox" name="value[]" onchange=" $('.filter-ajax-waiting').addClass('show');$(this).closest('form').submit();" id="frm-productFilter-brandConstraintForm-value-2409" value="2409" aria-label="!Kromilk (1)">
                            <label for="frm-productFilter-brandConstraintForm-value-2409">Kromilk (1)</label>
                        </div>


                                                         <div class="form-row" style="display: none;">
                            <input type="checkbox" name="value[]" onchange=" $('.filter-ajax-waiting').addClass('show');$(this).closest('form').submit();" id="frm-productFilter-brandConstraintForm-value-283" value="283" aria-label="!Kroon (1)">
                            <label for="frm-productFilter-brandConstraintForm-value-283">Kroon (1)</label>
                        </div>


                                                         <div class="form-row" style="display: none;">
                            <input type="checkbox" name="value[]" onchange=" $('.filter-ajax-waiting').addClass('show');$(this).closest('form').submit();" id="frm-productFilter-brandConstraintForm-value-444" value="444" aria-label="!Krušovice (1)">
                            <label for="frm-productFilter-brandConstraintForm-value-444">Krušovice (1)</label>
                        </div>


                                                         <div class="form-row" style="display: none;">
                            <input type="checkbox" name="value[]" onchange=" $('.filter-ajax-waiting').addClass('show');$(this).closest('form').submit();" id="frm-productFilter-brandConstraintForm-value-1527" value="1527" aria-label="!Krásno (2)">
                            <label for="frm-productFilter-brandConstraintForm-value-1527">Krásno (2)</label>
                        </div>


                                                         <div class="form-row" style="display: none;">
                            <input type="checkbox" name="value[]" onchange=" $('.filter-ajax-waiting').addClass('show');$(this).closest('form').submit();" id="frm-productFilter-brandConstraintForm-value-2367" value="2367" aria-label="!Kulau (6)">
                            <label for="frm-productFilter-brandConstraintForm-value-2367">Kulau (6)</label>
                        </div>


                                                         <div class="form-row" style="display: none;">
                            <input type="checkbox" name="value[]" onchange=" $('.filter-ajax-waiting').addClass('show');$(this).closest('form').submit();" id="frm-productFilter-brandConstraintForm-value-3328" value="3328" aria-label="!Kumala (3)">
                            <label for="frm-productFilter-brandConstraintForm-value-3328">Kumala (3)</label>
                        </div>


                                                         <div class="form-row" style="display: none;">
                            <input type="checkbox" name="value[]" onchange=" $('.filter-ajax-waiting').addClass('show');$(this).closest('form').submit();" id="frm-productFilter-brandConstraintForm-value-3345" value="3345" aria-label="!L'OR (2)">
                            <label for="frm-productFilter-brandConstraintForm-value-3345">L'OR (2)</label>
                        </div>


                                                         <div class="form-row" style="display: none;">
                            <input type="checkbox" name="value[]" onchange=" $('.filter-ajax-waiting').addClass('show');$(this).closest('form').submit();" id="frm-productFilter-brandConstraintForm-value-2765" value="2765" aria-label="!LAFKIOTI (2)">
                            <label for="frm-productFilter-brandConstraintForm-value-2765">LAFKIOTI (2)</label>
                        </div>


                                                         <div class="form-row" style="display: none;">
                            <input type="checkbox" name="value[]" onchange=" $('.filter-ajax-waiting').addClass('show');$(this).closest('form').submit();" id="frm-productFilter-brandConstraintForm-value-3192" value="3192" aria-label="!LIPOO (1)">
                            <label for="frm-productFilter-brandConstraintForm-value-3192">LIPOO (1)</label>
                        </div>


                                                         <div class="form-row" style="display: none;">
                            <input type="checkbox" name="value[]" onchange=" $('.filter-ajax-waiting').addClass('show');$(this).closest('form').submit();" id="frm-productFilter-brandConstraintForm-value-2482" value="2482" aria-label="!La Baume (2)">
                            <label for="frm-productFilter-brandConstraintForm-value-2482">La Baume (2)</label>
                        </div>


                                                         <div class="form-row" style="display: none;">
                            <input type="checkbox" name="value[]" onchange=" $('.filter-ajax-waiting').addClass('show');$(this).closest('form').submit();" id="frm-productFilter-brandConstraintForm-value-1037" value="1037" aria-label="!La Costena (1)">
                            <label for="frm-productFilter-brandConstraintForm-value-1037">La Costena (1)</label>
                        </div>


                                                         <div class="form-row" style="display: none;">
                            <input type="checkbox" name="value[]" onchange=" $('.filter-ajax-waiting').addClass('show');$(this).closest('form').submit();" id="frm-productFilter-brandConstraintForm-value-3326" value="3326" aria-label="!La Forge (2)">
                            <label for="frm-productFilter-brandConstraintForm-value-3326">La Forge (2)</label>
                        </div>


                                                         <div class="form-row" style="display: none;">
                            <input type="checkbox" name="value[]" onchange=" $('.filter-ajax-waiting').addClass('show');$(this).closest('form').submit();" id="frm-productFilter-brandConstraintForm-value-90" value="90" aria-label="!La Lorraine (6)">
                            <label for="frm-productFilter-brandConstraintForm-value-90">La Lorraine (6)</label>
                        </div>


                                                         <div class="form-row" style="display: none;">
                            <input type="checkbox" name="value[]" onchange=" $('.filter-ajax-waiting').addClass('show');$(this).closest('form').submit();" id="frm-productFilter-brandConstraintForm-value-3440" value="3440" aria-label="!La Miranda (1)">
                            <label for="frm-productFilter-brandConstraintForm-value-3440">La Miranda (1)</label>
                        </div>


                                                         <div class="form-row" style="display: none;">
                            <input type="checkbox" name="value[]" onchange=" $('.filter-ajax-waiting').addClass('show');$(this).closest('form').submit();" id="frm-productFilter-brandConstraintForm-value-543" value="543" aria-label="!Label (1)">
                            <label for="frm-productFilter-brandConstraintForm-value-543">Label (1)</label>
                        </div>


                                                         <div class="form-row" style="display: none;">
                            <input type="checkbox" name="value[]" onchange=" $('.filter-ajax-waiting').addClass('show');$(this).closest('form').submit();" id="frm-productFilter-brandConstraintForm-value-1934" value="1934" aria-label="!Labello (1)">
                            <label for="frm-productFilter-brandConstraintForm-value-1934">Labello (1)</label>
                        </div>


                                                         <div class="form-row" style="display: none;">
                            <input type="checkbox" name="value[]" onchange=" $('.filter-ajax-waiting').addClass('show');$(this).closest('form').submit();" id="frm-productFilter-brandConstraintForm-value-921" value="921" aria-label="!Labeta (11)">
                            <label for="frm-productFilter-brandConstraintForm-value-921">Labeta (11)</label>
                        </div>


                                                         <div class="form-row" style="display: none;">
                            <input type="checkbox" name="value[]" onchange=" $('.filter-ajax-waiting').addClass('show');$(this).closest('form').submit();" id="frm-productFilter-brandConstraintForm-value-3451" value="3451" aria-label="!Lactovit (2)">
                            <label for="frm-productFilter-brandConstraintForm-value-3451">Lactovit (2)</label>
                        </div>


                                                         <div class="form-row" style="display: none;">
                            <input type="checkbox" name="value[]" onchange=" $('.filter-ajax-waiting').addClass('show');$(this).closest('form').submit();" id="frm-productFilter-brandConstraintForm-value-827" value="827" aria-label="!Laktos (1)">
                            <label for="frm-productFilter-brandConstraintForm-value-827">Laktos (1)</label>
                        </div>


                                                         <div class="form-row" style="display: none;">
                            <input type="checkbox" name="value[]" onchange=" $('.filter-ajax-waiting').addClass('show');$(this).closest('form').submit();" id="frm-productFilter-brandConstraintForm-value-3109" value="3109" aria-label="!Lamart (9)">
                            <label for="frm-productFilter-brandConstraintForm-value-3109">Lamart (9)</label>
                        </div>


                                                         <div class="form-row" style="display: none;">
                            <input type="checkbox" name="value[]" onchange=" $('.filter-ajax-waiting').addClass('show');$(this).closest('form').submit();" id="frm-productFilter-brandConstraintForm-value-2430" value="2430" aria-label="!Lamps (3)">
                            <label for="frm-productFilter-brandConstraintForm-value-2430">Lamps (3)</label>
                        </div>


                                                         <div class="form-row" style="display: none;">
                            <input type="checkbox" name="value[]" onchange=" $('.filter-ajax-waiting').addClass('show');$(this).closest('form').submit();" id="frm-productFilter-brandConstraintForm-value-1151" value="1151" aria-label="!Lanza (1)">
                            <label for="frm-productFilter-brandConstraintForm-value-1151">Lanza (1)</label>
                        </div>


                                                         <div class="form-row" style="display: none;">
                            <input type="checkbox" name="value[]" onchange=" $('.filter-ajax-waiting').addClass('show');$(this).closest('form').submit();" id="frm-productFilter-brandConstraintForm-value-42" value="42" aria-label="!Larrin (1)">
                            <label for="frm-productFilter-brandConstraintForm-value-42">Larrin (1)</label>
                        </div>


                                                         <div class="form-row" style="display: none;">
                            <input type="checkbox" name="value[]" onchange=" $('.filter-ajax-waiting').addClass('show');$(this).closest('form').submit();" id="frm-productFilter-brandConstraintForm-value-236" value="236" aria-label="!Lay's (2)">
                            <label for="frm-productFilter-brandConstraintForm-value-236">Lay's (2)</label>
                        </div>


                                                         <div class="form-row" style="display: none;">
                            <input type="checkbox" name="value[]" onchange=" $('.filter-ajax-waiting').addClass('show');$(this).closest('form').submit();" id="frm-productFilter-brandConstraintForm-value-155" value="155" aria-label="!Le &amp; Co (6)">
                            <label for="frm-productFilter-brandConstraintForm-value-155">Le &amp; Co (6)</label>
                        </div>


                                                         <div class="form-row" style="display: none;">
                            <input type="checkbox" name="value[]" onchange=" $('.filter-ajax-waiting').addClass('show');$(this).closest('form').submit();" id="frm-productFilter-brandConstraintForm-value-3331" value="3331" aria-label="!Le Petit Olivier (11)">
                            <label for="frm-productFilter-brandConstraintForm-value-3331">Le Petit Olivier (11)</label>
                        </div>


                                                         <div class="form-row" style="display: none;">
                            <input type="checkbox" name="value[]" onchange=" $('.filter-ajax-waiting').addClass('show');$(this).closest('form').submit();" id="frm-productFilter-brandConstraintForm-value-3158" value="3158" aria-label="!LeGracie (3)">
                            <label for="frm-productFilter-brandConstraintForm-value-3158">LeGracie (3)</label>
                        </div>


                                                         <div class="form-row" style="display: none;">
                            <input type="checkbox" name="value[]" onchange=" $('.filter-ajax-waiting').addClass('show');$(this).closest('form').submit();" id="frm-productFilter-brandConstraintForm-value-3542" value="3542" aria-label="!LePetit Savoyard (1)">
                            <label for="frm-productFilter-brandConstraintForm-value-3542">LePetit Savoyard (1)</label>
                        </div>


                                                         <div class="form-row" style="display: none;">
                            <input type="checkbox" name="value[]" onchange=" $('.filter-ajax-waiting').addClass('show');$(this).closest('form').submit();" id="frm-productFilter-brandConstraintForm-value-2109" value="2109" aria-label="!Leerdamer (2)">
                            <label for="frm-productFilter-brandConstraintForm-value-2109">Leerdamer (2)</label>
                        </div>


                                                         <div class="form-row" style="display: none;">
                            <input type="checkbox" name="value[]" onchange=" $('.filter-ajax-waiting').addClass('show');$(this).closest('form').submit();" id="frm-productFilter-brandConstraintForm-value-1354" value="1354" aria-label="!Leerdammer (3)">
                            <label for="frm-productFilter-brandConstraintForm-value-1354">Leerdammer (3)</label>
                        </div>


                                                         <div class="form-row" style="display: none;">
                            <input type="checkbox" name="value[]" onchange=" $('.filter-ajax-waiting').addClass('show');$(this).closest('form').submit();" id="frm-productFilter-brandConstraintForm-value-3267" value="3267" aria-label="!Lego (6)">
                            <label for="frm-productFilter-brandConstraintForm-value-3267">Lego (6)</label>
                        </div>


                                                         <div class="form-row" style="display: none;">
                            <input type="checkbox" name="value[]" onchange=" $('.filter-ajax-waiting').addClass('show');$(this).closest('form').submit();" id="frm-productFilter-brandConstraintForm-value-770" value="770" aria-label="!Lenor (1)">
                            <label for="frm-productFilter-brandConstraintForm-value-770">Lenor (1)</label>
                        </div>


                                                         <div class="form-row" style="display: none;">
                            <input type="checkbox" name="value[]" onchange=" $('.filter-ajax-waiting').addClass('show');$(this).closest('form').submit();" id="frm-productFilter-brandConstraintForm-value-1778" value="1778" aria-label="!Lentilky (3)">
                            <label for="frm-productFilter-brandConstraintForm-value-1778">Lentilky (3)</label>
                        </div>


                                                         <div class="form-row" style="display: none;">
                            <input type="checkbox" name="value[]" onchange=" $('.filter-ajax-waiting').addClass('show');$(this).closest('form').submit();" id="frm-productFilter-brandConstraintForm-value-3325" value="3325" aria-label="!Les Vins Georges Duboeuf (1)">
                            <label for="frm-productFilter-brandConstraintForm-value-3325">Les Vins Georges Duboeuf (1)</label>
                        </div>


                                                         <div class="form-row" style="display: none;">
                            <input type="checkbox" name="value[]" onchange=" $('.filter-ajax-waiting').addClass('show');$(this).closest('form').submit();" id="frm-productFilter-brandConstraintForm-value-3319" value="3319" aria-label="!Les artistes (21)">
                            <label for="frm-productFilter-brandConstraintForm-value-3319">Les artistes (21)</label>
                        </div>


                                                         <div class="form-row" style="display: none;">
                            <input type="checkbox" name="value[]" onchange=" $('.filter-ajax-waiting').addClass('show');$(this).closest('form').submit();" id="frm-productFilter-brandConstraintForm-value-3201" value="3201" aria-label="!Life Food (1)">
                            <label for="frm-productFilter-brandConstraintForm-value-3201">Life Food (1)</label>
                        </div>


                                                         <div class="form-row" style="display: none;">
                            <input type="checkbox" name="value[]" onchange=" $('.filter-ajax-waiting').addClass('show');$(this).closest('form').submit();" id="frm-productFilter-brandConstraintForm-value-2593" value="2593" aria-label="!Lifebar (1)">
                            <label for="frm-productFilter-brandConstraintForm-value-2593">Lifebar (1)</label>
                        </div>


                                                         <div class="form-row" style="display: none;">
                            <input type="checkbox" name="value[]" onchange=" $('.filter-ajax-waiting').addClass('show');$(this).closest('form').submit();" id="frm-productFilter-brandConstraintForm-value-2173" value="2173" aria-label="!Lifefood (2)">
                            <label for="frm-productFilter-brandConstraintForm-value-2173">Lifefood (2)</label>
                        </div>


                                                         <div class="form-row" style="display: none;">
                            <input type="checkbox" name="value[]" onchange=" $('.filter-ajax-waiting').addClass('show');$(this).closest('form').submit();" id="frm-productFilter-brandConstraintForm-value-2833" value="2833" aria-label="!Limeñita (5)">
                            <label for="frm-productFilter-brandConstraintForm-value-2833">Limeñita (5)</label>
                        </div>


                                                         <div class="form-row" style="display: none;">
                            <input type="checkbox" name="value[]" onchange=" $('.filter-ajax-waiting').addClass('show');$(this).closest('form').submit();" id="frm-productFilter-brandConstraintForm-value-1669" value="1669" aria-label="!Lindt (28)">
                            <label for="frm-productFilter-brandConstraintForm-value-1669">Lindt (28)</label>
                        </div>


                                                         <div class="form-row" style="display: none;">
                            <input type="checkbox" name="value[]" onchange=" $('.filter-ajax-waiting').addClass('show');$(this).closest('form').submit();" id="frm-productFilter-brandConstraintForm-value-51" value="51" aria-label="!Linteo (1)">
                            <label for="frm-productFilter-brandConstraintForm-value-51">Linteo (1)</label>
                        </div>


                                                         <div class="form-row" style="display: none;">
                            <input type="checkbox" name="value[]" onchange=" $('.filter-ajax-waiting').addClass('show');$(this).closest('form').submit();" id="frm-productFilter-brandConstraintForm-value-361" value="361" aria-label="!Lipton (3)">
                            <label for="frm-productFilter-brandConstraintForm-value-361">Lipton (3)</label>
                        </div>


                                                         <div class="form-row" style="display: none;">
                            <input type="checkbox" name="value[]" onchange=" $('.filter-ajax-waiting').addClass('show');$(this).closest('form').submit();" id="frm-productFilter-brandConstraintForm-value-76" value="76" aria-label="!Listerine (7)">
                            <label for="frm-productFilter-brandConstraintForm-value-76">Listerine (7)</label>
                        </div>


                                                         <div class="form-row" style="display: none;">
                            <input type="checkbox" name="value[]" onchange=" $('.filter-ajax-waiting').addClass('show');$(this).closest('form').submit();" id="frm-productFilter-brandConstraintForm-value-3177" value="3177" aria-label="!Litovel (1)">
                            <label for="frm-productFilter-brandConstraintForm-value-3177">Litovel (1)</label>
                        </div>


                                                         <div class="form-row" style="display: none;">
                            <input type="checkbox" name="value[]" onchange=" $('.filter-ajax-waiting').addClass('show');$(this).closest('form').submit();" id="frm-productFilter-brandConstraintForm-value-1640" value="1640" aria-label="!Little Goat (1)">
                            <label for="frm-productFilter-brandConstraintForm-value-1640">Little Goat (1)</label>
                        </div>


                                                         <div class="form-row" style="display: none;">
                            <input type="checkbox" name="value[]" onchange=" $('.filter-ajax-waiting').addClass('show');$(this).closest('form').submit();" id="frm-productFilter-brandConstraintForm-value-3096" value="3096" aria-label="!Lock&amp;Lock (9)">
                            <label for="frm-productFilter-brandConstraintForm-value-3096">Lock&amp;Lock (9)</label>
                        </div>


                                                         <div class="form-row" style="display: none;">
                            <input type="checkbox" name="value[]" onchange=" $('.filter-ajax-waiting').addClass('show');$(this).closest('form').submit();" id="frm-productFilter-brandConstraintForm-value-3401" value="3401" aria-label="!LotusGrill (20)">
                            <label for="frm-productFilter-brandConstraintForm-value-3401">LotusGrill (20)</label>
                        </div>


                                                         <div class="form-row" style="display: none;">
                            <input type="checkbox" name="value[]" onchange=" $('.filter-ajax-waiting').addClass('show');$(this).closest('form').submit();" id="frm-productFilter-brandConstraintForm-value-3551" value="3551" aria-label="!Louis Max (1)">
                            <label for="frm-productFilter-brandConstraintForm-value-3551">Louis Max (1)</label>
                        </div>


                                                         <div class="form-row" style="display: none;">
                            <input type="checkbox" name="value[]" onchange=" $('.filter-ajax-waiting').addClass('show');$(this).closest('form').submit();" id="frm-productFilter-brandConstraintForm-value-2261" value="2261" aria-label="!Ludwig (15)">
                            <label for="frm-productFilter-brandConstraintForm-value-2261">Ludwig (15)</label>
                        </div>


                                                         <div class="form-row" style="display: none;">
                            <input type="checkbox" name="value[]" onchange=" $('.filter-ajax-waiting').addClass('show');$(this).closest('form').submit();" id="frm-productFilter-brandConstraintForm-value-1153" value="1153" aria-label="!Lunter (1)">
                            <label for="frm-productFilter-brandConstraintForm-value-1153">Lunter (1)</label>
                        </div>


                                                         <div class="form-row" style="display: none;">
                            <input type="checkbox" name="value[]" onchange=" $('.filter-ajax-waiting').addClass('show');$(this).closest('form').submit();" id="frm-productFilter-brandConstraintForm-value-3145" value="3145" aria-label="!Lutosa (1)">
                            <label for="frm-productFilter-brandConstraintForm-value-3145">Lutosa (1)</label>
                        </div>


                                                         <div class="form-row" style="display: none;">
                            <input type="checkbox" name="value[]" onchange=" $('.filter-ajax-waiting').addClass('show');$(this).closest('form').submit();" id="frm-productFilter-brandConstraintForm-value-3225" value="3225" aria-label="!Luxury Fresh (6)">
                            <label for="frm-productFilter-brandConstraintForm-value-3225">Luxury Fresh (6)</label>
                        </div>


                                                         <div class="form-row" style="display: none;">
                            <input type="checkbox" name="value[]" onchange=" $('.filter-ajax-waiting').addClass('show');$(this).closest('form').submit();" id="frm-productFilter-brandConstraintForm-value-64" value="64" aria-label="!Lybar (3)">
                            <label for="frm-productFilter-brandConstraintForm-value-64">Lybar (3)</label>
                        </div>


                                                         <div class="form-row" style="display: none;">
                            <input type="checkbox" name="value[]" onchange=" $('.filter-ajax-waiting').addClass('show');$(this).closest('form').submit();" id="frm-productFilter-brandConstraintForm-value-2377" value="2377" aria-label="!Lynch (4)">
                            <label for="frm-productFilter-brandConstraintForm-value-2377">Lynch (4)</label>
                        </div>


                                                         <div class="form-row" style="display: none;">
                            <input type="checkbox" name="value[]" onchange=" $('.filter-ajax-waiting').addClass('show');$(this).closest('form').submit();" id="frm-productFilter-brandConstraintForm-value-3030" value="3030" aria-label="!L´OR (4)">
                            <label for="frm-productFilter-brandConstraintForm-value-3030">L´OR (4)</label>
                        </div>


                                                         <div class="form-row" style="display: none;">
                            <input type="checkbox" name="value[]" onchange=" $('.filter-ajax-waiting').addClass('show');$(this).closest('form').submit();" id="frm-productFilter-brandConstraintForm-value-1569" value="1569" aria-label="!L´Oréal Paris (14)">
                            <label for="frm-productFilter-brandConstraintForm-value-1569">L´Oréal Paris (14)</label>
                        </div>


                                                         <div class="form-row" style="display: none;">
                            <input type="checkbox" name="value[]" onchange=" $('.filter-ajax-waiting').addClass('show');$(this).closest('form').submit();" id="frm-productFilter-brandConstraintForm-value-2225" value="2225" aria-label="!Láznička (8)">
                            <label for="frm-productFilter-brandConstraintForm-value-2225">Láznička (8)</label>
                        </div>


                                                         <div class="form-row" style="display: none;">
                            <input type="checkbox" name="value[]" onchange=" $('.filter-ajax-waiting').addClass('show');$(this).closest('form').submit();" id="frm-productFilter-brandConstraintForm-value-2629" value="2629" aria-label="!Lörch (1)">
                            <label for="frm-productFilter-brandConstraintForm-value-2629">Lörch (1)</label>
                        </div>


                                                         <div class="form-row" style="display: none;">
                            <input type="checkbox" name="value[]" onchange=" $('.filter-ajax-waiting').addClass('show');$(this).closest('form').submit();" id="frm-productFilter-brandConstraintForm-value-3077" value="3077" aria-label="!MG Gin (1)">
                            <label for="frm-productFilter-brandConstraintForm-value-3077">MG Gin (1)</label>
                        </div>


                                                         <div class="form-row" style="display: none;">
                            <input type="checkbox" name="value[]" onchange=" $('.filter-ajax-waiting').addClass('show');$(this).closest('form').submit();" id="frm-productFilter-brandConstraintForm-value-3475" value="3475" aria-label="!MaV (6)">
                            <label for="frm-productFilter-brandConstraintForm-value-3475">MaV (6)</label>
                        </div>


                                                         <div class="form-row" style="display: none;">
                            <input type="checkbox" name="value[]" onchange=" $('.filter-ajax-waiting').addClass('show');$(this).closest('form').submit();" id="frm-productFilter-brandConstraintForm-value-3324" value="3324" aria-label="!Macallan (1)">
                            <label for="frm-productFilter-brandConstraintForm-value-3324">Macallan (1)</label>
                        </div>


                                                         <div class="form-row" style="display: none;">
                            <input type="checkbox" name="value[]" onchange=" $('.filter-ajax-waiting').addClass('show');$(this).closest('form').submit();" id="frm-productFilter-brandConstraintForm-value-101" value="101" aria-label="!Madeta (1)">
                            <label for="frm-productFilter-brandConstraintForm-value-101">Madeta (1)</label>
                        </div>


                                                         <div class="form-row" style="display: none;">
                            <input type="checkbox" name="value[]" onchange=" $('.filter-ajax-waiting').addClass('show');$(this).closest('form').submit();" id="frm-productFilter-brandConstraintForm-value-272" value="272" aria-label="!Maggi (3)">
                            <label for="frm-productFilter-brandConstraintForm-value-272">Maggi (3)</label>
                        </div>


                                                         <div class="form-row" style="display: none;">
                            <input type="checkbox" name="value[]" onchange=" $('.filter-ajax-waiting').addClass('show');$(this).closest('form').submit();" id="frm-productFilter-brandConstraintForm-value-976" value="976" aria-label="!Magister (1)">
                            <label for="frm-productFilter-brandConstraintForm-value-976">Magister (1)</label>
                        </div>


                                                         <div class="form-row" style="display: none;">
                            <input type="checkbox" name="value[]" onchange=" $('.filter-ajax-waiting').addClass('show');$(this).closest('form').submit();" id="frm-productFilter-brandConstraintForm-value-398" value="398" aria-label="!Magnesia (3)">
                            <label for="frm-productFilter-brandConstraintForm-value-398">Magnesia (3)</label>
                        </div>


                                                         <div class="form-row" style="display: none;">
                            <input type="checkbox" name="value[]" onchange=" $('.filter-ajax-waiting').addClass('show');$(this).closest('form').submit();" id="frm-productFilter-brandConstraintForm-value-2282" value="2282" aria-label="!Maisel's (2)">
                            <label for="frm-productFilter-brandConstraintForm-value-2282">Maisel's (2)</label>
                        </div>


                                                         <div class="form-row" style="display: none;">
                            <input type="checkbox" name="value[]" onchange=" $('.filter-ajax-waiting').addClass('show');$(this).closest('form').submit();" id="frm-productFilter-brandConstraintForm-value-2299" value="2299" aria-label="!Maison Castel (1)">
                            <label for="frm-productFilter-brandConstraintForm-value-2299">Maison Castel (1)</label>
                        </div>


                                                         <div class="form-row" style="display: none;">
                            <input type="checkbox" name="value[]" onchange=" $('.filter-ajax-waiting').addClass('show');$(this).closest('form').submit();" id="frm-productFilter-brandConstraintForm-value-3001" value="3001" aria-label="!Makers Mark (1)">
                            <label for="frm-productFilter-brandConstraintForm-value-3001">Makers Mark (1)</label>
                        </div>


                                                         <div class="form-row" style="display: none;">
                            <input type="checkbox" name="value[]" onchange=" $('.filter-ajax-waiting').addClass('show');$(this).closest('form').submit();" id="frm-productFilter-brandConstraintForm-value-556" value="556" aria-label="!Malibu (2)">
                            <label for="frm-productFilter-brandConstraintForm-value-556">Malibu (2)</label>
                        </div>


                                                         <div class="form-row" style="display: none;">
                            <input type="checkbox" name="value[]" onchange=" $('.filter-ajax-waiting').addClass('show');$(this).closest('form').submit();" id="frm-productFilter-brandConstraintForm-value-2221" value="2221" aria-label="!Mamacoffee (2)">
                            <label for="frm-productFilter-brandConstraintForm-value-2221">Mamacoffee (2)</label>
                        </div>


                                                         <div class="form-row" style="display: none;">
                            <input type="checkbox" name="value[]" onchange=" $('.filter-ajax-waiting').addClass('show');$(this).closest('form').submit();" id="frm-productFilter-brandConstraintForm-value-228" value="228" aria-label="!Manner (2)">
                            <label for="frm-productFilter-brandConstraintForm-value-228">Manner (2)</label>
                        </div>


                                                         <div class="form-row" style="display: none;">
                            <input type="checkbox" name="value[]" onchange=" $('.filter-ajax-waiting').addClass('show');$(this).closest('form').submit();" id="frm-productFilter-brandConstraintForm-value-1550" value="1550" aria-label="!Manolita (1)">
                            <label for="frm-productFilter-brandConstraintForm-value-1550">Manolita (1)</label>
                        </div>


                                                         <div class="form-row" style="display: none;">
                            <input type="checkbox" name="value[]" onchange=" $('.filter-ajax-waiting').addClass('show');$(this).closest('form').submit();" id="frm-productFilter-brandConstraintForm-value-2516" value="2516" aria-label="!Maped (1)">
                            <label for="frm-productFilter-brandConstraintForm-value-2516">Maped (1)</label>
                        </div>


                                                         <div class="form-row" style="display: none;">
                            <input type="checkbox" name="value[]" onchange=" $('.filter-ajax-waiting').addClass('show');$(this).closest('form').submit();" id="frm-productFilter-brandConstraintForm-value-2712" value="2712" aria-label="!Marqués Campoalto (1)">
                            <label for="frm-productFilter-brandConstraintForm-value-2712">Marqués Campoalto (1)</label>
                        </div>


                                                         <div class="form-row" style="display: none;">
                            <input type="checkbox" name="value[]" onchange=" $('.filter-ajax-waiting').addClass('show');$(this).closest('form').submit();" id="frm-productFilter-brandConstraintForm-value-2974" value="2974" aria-label="!Martell (2)">
                            <label for="frm-productFilter-brandConstraintForm-value-2974">Martell (2)</label>
                        </div>


                                                         <div class="form-row" style="display: none;">
                            <input type="checkbox" name="value[]" onchange=" $('.filter-ajax-waiting').addClass('show');$(this).closest('form').submit();" id="frm-productFilter-brandConstraintForm-value-487" value="487" aria-label="!Martini (6)">
                            <label for="frm-productFilter-brandConstraintForm-value-487">Martini (6)</label>
                        </div>


                                                         <div class="form-row" style="display: none;">
                            <input type="checkbox" name="value[]" onchange=" $('.filter-ajax-waiting').addClass('show');$(this).closest('form').submit();" id="frm-productFilter-brandConstraintForm-value-3171" value="3171" aria-label="!Masna Rosovice (2)">
                            <label for="frm-productFilter-brandConstraintForm-value-3171">Masna Rosovice (2)</label>
                        </div>


                                                         <div class="form-row" style="display: none;">
                            <input type="checkbox" name="value[]" onchange=" $('.filter-ajax-waiting').addClass('show');$(this).closest('form').submit();" id="frm-productFilter-brandConstraintForm-value-2930" value="2930" aria-label="!Maso Brejcha (12)">
                            <label for="frm-productFilter-brandConstraintForm-value-2930">Maso Brejcha (12)</label>
                        </div>


                                                         <div class="form-row" style="display: none;">
                            <input type="checkbox" name="value[]" onchange=" $('.filter-ajax-waiting').addClass('show');$(this).closest('form').submit();" id="frm-productFilter-brandConstraintForm-value-2274" value="2274" aria-label="!Maso Domu OCG (1)">
                            <label for="frm-productFilter-brandConstraintForm-value-2274">Maso Domu OCG (1)</label>
                        </div>


                                                         <div class="form-row" style="display: none;">
                            <input type="checkbox" name="value[]" onchange=" $('.filter-ajax-waiting').addClass('show');$(this).closest('form').submit();" id="frm-productFilter-brandConstraintForm-value-3078" value="3078" aria-label="!Master's (1)">
                            <label for="frm-productFilter-brandConstraintForm-value-3078">Master's (1)</label>
                        </div>


                                                         <div class="form-row" style="display: none;">
                            <input type="checkbox" name="value[]" onchange=" $('.filter-ajax-waiting').addClass('show');$(this).closest('form').submit();" id="frm-productFilter-brandConstraintForm-value-2434" value="2434" aria-label="!Mattel (1)">
                            <label for="frm-productFilter-brandConstraintForm-value-2434">Mattel (1)</label>
                        </div>


                                                         <div class="form-row" style="display: none;">
                            <input type="checkbox" name="value[]" onchange=" $('.filter-ajax-waiting').addClass('show');$(this).closest('form').submit();" id="frm-productFilter-brandConstraintForm-value-399" value="399" aria-label="!Mattoni (4)">
                            <label for="frm-productFilter-brandConstraintForm-value-399">Mattoni (4)</label>
                        </div>


                                                         <div class="form-row" style="display: none;">
                            <input type="checkbox" name="value[]" onchange=" $('.filter-ajax-waiting').addClass('show');$(this).closest('form').submit();" id="frm-productFilter-brandConstraintForm-value-3159" value="3159" aria-label="!Mautner Markhof (3)">
                            <label for="frm-productFilter-brandConstraintForm-value-3159">Mautner Markhof (3)</label>
                        </div>


                                                         <div class="form-row" style="display: none;">
                            <input type="checkbox" name="value[]" onchange=" $('.filter-ajax-waiting').addClass('show');$(this).closest('form').submit();" id="frm-productFilter-brandConstraintForm-value-1135" value="1135" aria-label="!Max Sport  (2)">
                            <label for="frm-productFilter-brandConstraintForm-value-1135">Max Sport  (2)</label>
                        </div>


                                                         <div class="form-row" style="display: none;">
                            <input type="checkbox" name="value[]" onchange=" $('.filter-ajax-waiting').addClass('show');$(this).closest('form').submit();" id="frm-productFilter-brandConstraintForm-value-2389" value="2389" aria-label="!Mazza Alimentari (1)">
                            <label for="frm-productFilter-brandConstraintForm-value-2389">Mazza Alimentari (1)</label>
                        </div>


                                                         <div class="form-row" style="display: none;">
                            <input type="checkbox" name="value[]" onchange=" $('.filter-ajax-waiting').addClass('show');$(this).closest('form').submit();" id="frm-productFilter-brandConstraintForm-value-347" value="347" aria-label="!McCain (1)">
                            <label for="frm-productFilter-brandConstraintForm-value-347">McCain (1)</label>
                        </div>


                                                         <div class="form-row" style="display: none;">
                            <input type="checkbox" name="value[]" onchange=" $('.filter-ajax-waiting').addClass('show');$(this).closest('form').submit();" id="frm-productFilter-brandConstraintForm-value-2455" value="2455" aria-label="!McVitie's (2)">
                            <label for="frm-productFilter-brandConstraintForm-value-2455">McVitie's (2)</label>
                        </div>


                                                         <div class="form-row" style="display: none;">
                            <input type="checkbox" name="value[]" onchange=" $('.filter-ajax-waiting').addClass('show');$(this).closest('form').submit();" id="frm-productFilter-brandConstraintForm-value-714" value="714" aria-label="!Mefisto (1)">
                            <label for="frm-productFilter-brandConstraintForm-value-714">Mefisto (1)</label>
                        </div>


                                                         <div class="form-row" style="display: none;">
                            <input type="checkbox" name="value[]" onchange=" $('.filter-ajax-waiting').addClass('show');$(this).closest('form').submit();" id="frm-productFilter-brandConstraintForm-value-105" value="105" aria-label="!Meggle (6)">
                            <label for="frm-productFilter-brandConstraintForm-value-105">Meggle (6)</label>
                        </div>


                                                         <div class="form-row" style="display: none;">
                            <input type="checkbox" name="value[]" onchange=" $('.filter-ajax-waiting').addClass('show');$(this).closest('form').submit();" id="frm-productFilter-brandConstraintForm-value-2766" value="2766" aria-label="!Melissa (4)">
                            <label for="frm-productFilter-brandConstraintForm-value-2766">Melissa (4)</label>
                        </div>


                                                         <div class="form-row" style="display: none;">
                            <input type="checkbox" name="value[]" onchange=" $('.filter-ajax-waiting').addClass('show');$(this).closest('form').submit();" id="frm-productFilter-brandConstraintForm-value-2691" value="2691" aria-label="!Menestrello (1)">
                            <label for="frm-productFilter-brandConstraintForm-value-2691">Menestrello (1)</label>
                        </div>


                                                         <div class="form-row" style="display: none;">
                            <input type="checkbox" name="value[]" onchange=" $('.filter-ajax-waiting').addClass('show');$(this).closest('form').submit();" id="frm-productFilter-brandConstraintForm-value-1692" value="1692" aria-label="!Menu Gold (6)">
                            <label for="frm-productFilter-brandConstraintForm-value-1692">Menu Gold (6)</label>
                        </div>


                                                         <div class="form-row" style="display: none;">
                            <input type="checkbox" name="value[]" onchange=" $('.filter-ajax-waiting').addClass('show');$(this).closest('form').submit();" id="frm-productFilter-brandConstraintForm-value-804" value="804" aria-label="!Merlin (1)">
                            <label for="frm-productFilter-brandConstraintForm-value-804">Merlin (1)</label>
                        </div>


                                                         <div class="form-row" style="display: none;">
                            <input type="checkbox" name="value[]" onchange=" $('.filter-ajax-waiting').addClass('show');$(this).closest('form').submit();" id="frm-productFilter-brandConstraintForm-value-496" value="496" aria-label="!Metaxa (2)">
                            <label for="frm-productFilter-brandConstraintForm-value-496">Metaxa (2)</label>
                        </div>


                                                         <div class="form-row" style="display: none;">
                            <input type="checkbox" name="value[]" onchange=" $('.filter-ajax-waiting').addClass('show');$(this).closest('form').submit();" id="frm-productFilter-brandConstraintForm-value-567" value="567" aria-label="!Metelka (3)">
                            <label for="frm-productFilter-brandConstraintForm-value-567">Metelka (3)</label>
                        </div>


                                                         <div class="form-row" style="display: none;">
                            <input type="checkbox" name="value[]" onchange=" $('.filter-ajax-waiting').addClass('show');$(this).closest('form').submit();" id="frm-productFilter-brandConstraintForm-value-3251" value="3251" aria-label="!Michel Torino (4)">
                            <label for="frm-productFilter-brandConstraintForm-value-3251">Michel Torino (4)</label>
                        </div>


                                                         <div class="form-row" style="display: none;">
                            <input type="checkbox" name="value[]" onchange=" $('.filter-ajax-waiting').addClass('show');$(this).closest('form').submit();" id="frm-productFilter-brandConstraintForm-value-2847" value="2847" aria-label="!Michelangelo (1)">
                            <label for="frm-productFilter-brandConstraintForm-value-2847">Michelangelo (1)</label>
                        </div>


                                                         <div class="form-row" style="display: none;">
                            <input type="checkbox" name="value[]" onchange=" $('.filter-ajax-waiting').addClass('show');$(this).closest('form').submit();" id="frm-productFilter-brandConstraintForm-value-2554" value="2554" aria-label="!Midi (2)">
                            <label for="frm-productFilter-brandConstraintForm-value-2554">Midi (2)</label>
                        </div>


                                                         <div class="form-row" style="display: none;">
                            <input type="checkbox" name="value[]" onchange=" $('.filter-ajax-waiting').addClass('show');$(this).closest('form').submit();" id="frm-productFilter-brandConstraintForm-value-2315" value="2315" aria-label="!Migliorcane (2)">
                            <label for="frm-productFilter-brandConstraintForm-value-2315">Migliorcane (2)</label>
                        </div>


                                                         <div class="form-row" style="display: none;">
                            <input type="checkbox" name="value[]" onchange=" $('.filter-ajax-waiting').addClass('show');$(this).closest('form').submit();" id="frm-productFilter-brandConstraintForm-value-2317" value="2317" aria-label="!Migliorgatto (3)">
                            <label for="frm-productFilter-brandConstraintForm-value-2317">Migliorgatto (3)</label>
                        </div>


                                                         <div class="form-row" style="display: none;">
                            <input type="checkbox" name="value[]" onchange=" $('.filter-ajax-waiting').addClass('show');$(this).closest('form').submit();" id="frm-productFilter-brandConstraintForm-value-2652" value="2652" aria-label="!Mikrosvín Mikulov (3)">
                            <label for="frm-productFilter-brandConstraintForm-value-2652">Mikrosvín Mikulov (3)</label>
                        </div>


                                                         <div class="form-row" style="display: none;">
                            <input type="checkbox" name="value[]" onchange=" $('.filter-ajax-waiting').addClass('show');$(this).closest('form').submit();" id="frm-productFilter-brandConstraintForm-value-183" value="183" aria-label="!Milka (1)">
                            <label for="frm-productFilter-brandConstraintForm-value-183">Milka (1)</label>
                        </div>


                                                         <div class="form-row" style="display: none;">
                            <input type="checkbox" name="value[]" onchange=" $('.filter-ajax-waiting').addClass('show');$(this).closest('form').submit();" id="frm-productFilter-brandConstraintForm-value-2661" value="2661" aria-label="!Milki line (1)">
                            <label for="frm-productFilter-brandConstraintForm-value-2661">Milki line (1)</label>
                        </div>


                                                         <div class="form-row" style="display: none;">
                            <input type="checkbox" name="value[]" onchange=" $('.filter-ajax-waiting').addClass('show');$(this).closest('form').submit();" id="frm-productFilter-brandConstraintForm-value-931" value="931" aria-label="!Milko (3)">
                            <label for="frm-productFilter-brandConstraintForm-value-931">Milko (3)</label>
                        </div>


                                                         <div class="form-row" style="display: none;">
                            <input type="checkbox" name="value[]" onchange=" $('.filter-ajax-waiting').addClass('show');$(this).closest('form').submit();" id="frm-productFilter-brandConstraintForm-value-1998" value="1998" aria-label="!Milky Up (1)">
                            <label for="frm-productFilter-brandConstraintForm-value-1998">Milky Up (1)</label>
                        </div>


                                                         <div class="form-row" style="display: none;">
                            <input type="checkbox" name="value[]" onchange=" $('.filter-ajax-waiting').addClass('show');$(this).closest('form').submit();" id="frm-productFilter-brandConstraintForm-value-574" value="574" aria-label="!Missis (2)">
                            <label for="frm-productFilter-brandConstraintForm-value-574">Missis (2)</label>
                        </div>


                                                         <div class="form-row" style="display: none;">
                            <input type="checkbox" name="value[]" onchange=" $('.filter-ajax-waiting').addClass('show');$(this).closest('form').submit();" id="frm-productFilter-brandConstraintForm-value-3361" value="3361" aria-label="!Mixa (8)">
                            <label for="frm-productFilter-brandConstraintForm-value-3361">Mixa (8)</label>
                        </div>


                                                         <div class="form-row" style="display: none;">
                            <input type="checkbox" name="value[]" onchange=" $('.filter-ajax-waiting').addClass('show');$(this).closest('form').submit();" id="frm-productFilter-brandConstraintForm-value-2246" value="2246" aria-label="!Mixit (2)">
                            <label for="frm-productFilter-brandConstraintForm-value-2246">Mixit (2)</label>
                        </div>


                                                         <div class="form-row" style="display: none;">
                            <input type="checkbox" name="value[]" onchange=" $('.filter-ajax-waiting').addClass('show');$(this).closest('form').submit();" id="frm-productFilter-brandConstraintForm-value-106" value="106" aria-label="!Mlékárna Kunín (4)">
                            <label for="frm-productFilter-brandConstraintForm-value-106">Mlékárna Kunín (4)</label>
                        </div>


                                                         <div class="form-row" style="display: none;">
                            <input type="checkbox" name="value[]" onchange=" $('.filter-ajax-waiting').addClass('show');$(this).closest('form').submit();" id="frm-productFilter-brandConstraintForm-value-832" value="832" aria-label="!Mlékárna Polná (1)">
                            <label for="frm-productFilter-brandConstraintForm-value-832">Mlékárna Polná (1)</label>
                        </div>


                                                         <div class="form-row" style="display: none;">
                            <input type="checkbox" name="value[]" onchange=" $('.filter-ajax-waiting').addClass('show');$(this).closest('form').submit();" id="frm-productFilter-brandConstraintForm-value-1580" value="1580" aria-label="!Molenaartje (1)">
                            <label for="frm-productFilter-brandConstraintForm-value-1580">Molenaartje (1)</label>
                        </div>


                                                         <div class="form-row" style="display: none;">
                            <input type="checkbox" name="value[]" onchange=" $('.filter-ajax-waiting').addClass('show');$(this).closest('form').submit();" id="frm-productFilter-brandConstraintForm-value-2292" value="2292" aria-label="!Moltex (1)">
                            <label for="frm-productFilter-brandConstraintForm-value-2292">Moltex (1)</label>
                        </div>


                                                         <div class="form-row" style="display: none;">
                            <input type="checkbox" name="value[]" onchange=" $('.filter-ajax-waiting').addClass('show');$(this).closest('form').submit();" id="frm-productFilter-brandConstraintForm-value-957" value="957" aria-label="!Monin (2)">
                            <label for="frm-productFilter-brandConstraintForm-value-957">Monin (2)</label>
                        </div>


                                                         <div class="form-row" style="display: none;">
                            <input type="checkbox" name="value[]" onchange=" $('.filter-ajax-waiting').addClass('show');$(this).closest('form').submit();" id="frm-productFilter-brandConstraintForm-value-1582" value="1582" aria-label="!Monki (2)">
                            <label for="frm-productFilter-brandConstraintForm-value-1582">Monki (2)</label>
                        </div>


                                                         <div class="form-row" style="display: none;">
                            <input type="checkbox" name="value[]" onchange=" $('.filter-ajax-waiting').addClass('show');$(this).closest('form').submit();" id="frm-productFilter-brandConstraintForm-value-589" value="589" aria-label="!Moravia (3)">
                            <label for="frm-productFilter-brandConstraintForm-value-589">Moravia (3)</label>
                        </div>


                                                         <div class="form-row" style="display: none;">
                            <input type="checkbox" name="value[]" onchange=" $('.filter-ajax-waiting').addClass('show');$(this).closest('form').submit();" id="frm-productFilter-brandConstraintForm-value-1813" value="1813" aria-label="!Moscato (4)">
                            <label for="frm-productFilter-brandConstraintForm-value-1813">Moscato (4)</label>
                        </div>


                                                         <div class="form-row" style="display: none;">
                            <input type="checkbox" name="value[]" onchange=" $('.filter-ajax-waiting').addClass('show');$(this).closest('form').submit();" id="frm-productFilter-brandConstraintForm-value-488" value="488" aria-label="!Moët &amp; Chandon (1)">
                            <label for="frm-productFilter-brandConstraintForm-value-488">Moët &amp; Chandon (1)</label>
                        </div>


                                                         <div class="form-row" style="display: none;">
                            <input type="checkbox" name="value[]" onchange=" $('.filter-ajax-waiting').addClass('show');$(this).closest('form').submit();" id="frm-productFilter-brandConstraintForm-value-2861" value="2861" aria-label="!Moštovna Lažany (12)">
                            <label for="frm-productFilter-brandConstraintForm-value-2861">Moštovna Lažany (12)</label>
                        </div>


                                                         <div class="form-row" style="display: none;">
                            <input type="checkbox" name="value[]" onchange=" $('.filter-ajax-waiting').addClass('show');$(this).closest('form').submit();" id="frm-productFilter-brandConstraintForm-value-489" value="489" aria-label="!Mucha (4)">
                            <label for="frm-productFilter-brandConstraintForm-value-489">Mucha (4)</label>
                        </div>


                                                         <div class="form-row" style="display: none;">
                            <input type="checkbox" name="value[]" onchange=" $('.filter-ajax-waiting').addClass('show');$(this).closest('form').submit();" id="frm-productFilter-brandConstraintForm-value-3293" value="3293" aria-label="!Muumi Baby (4)">
                            <label for="frm-productFilter-brandConstraintForm-value-3293">Muumi Baby (4)</label>
                        </div>


                                                         <div class="form-row" style="display: none;">
                            <input type="checkbox" name="value[]" onchange=" $('.filter-ajax-waiting').addClass('show');$(this).closest('form').submit();" id="frm-productFilter-brandConstraintForm-value-622" value="622" aria-label="!Mylord Premium (2)">
                            <label for="frm-productFilter-brandConstraintForm-value-622">Mylord Premium (2)</label>
                        </div>


                                                         <div class="form-row" style="display: none;">
                            <input type="checkbox" name="value[]" onchange=" $('.filter-ajax-waiting').addClass('show');$(this).closest('form').submit();" id="frm-productFilter-brandConstraintForm-value-353" value="353" aria-label="!Míša (1)">
                            <label for="frm-productFilter-brandConstraintForm-value-353">Míša (1)</label>
                        </div>


                                                         <div class="form-row" style="display: none;">
                            <input type="checkbox" name="value[]" onchange=" $('.filter-ajax-waiting').addClass('show');$(this).closest('form').submit();" id="frm-productFilter-brandConstraintForm-value-2952" value="2952" aria-label="!NU (4)">
                            <label for="frm-productFilter-brandConstraintForm-value-2952">NU (4)</label>
                        </div>


                                                         <div class="form-row" style="display: none;">
                            <input type="checkbox" name="value[]" onchange=" $('.filter-ajax-waiting').addClass('show');$(this).closest('form').submit();" id="frm-productFilter-brandConstraintForm-value-1877" value="1877" aria-label="!NUK (19)">
                            <label for="frm-productFilter-brandConstraintForm-value-1877">NUK (19)</label>
                        </div>


                                                         <div class="form-row" style="display: none;">
                            <input type="checkbox" name="value[]" onchange=" $('.filter-ajax-waiting').addClass('show');$(this).closest('form').submit();" id="frm-productFilter-brandConstraintForm-value-2535" value="2535" aria-label="!Nadir (1)">
                            <label for="frm-productFilter-brandConstraintForm-value-2535">Nadir (1)</label>
                        </div>


                                                         <div class="form-row" style="display: none;">
                            <input type="checkbox" name="value[]" onchange=" $('.filter-ajax-waiting').addClass('show');$(this).closest('form').submit();" id="frm-productFilter-brandConstraintForm-value-294" value="294" aria-label="!Natura (7)">
                            <label for="frm-productFilter-brandConstraintForm-value-294">Natura (7)</label>
                        </div>


                                                         <div class="form-row" style="display: none;">
                            <input type="checkbox" name="value[]" onchange=" $('.filter-ajax-waiting').addClass('show');$(this).closest('form').submit();" id="frm-productFilter-brandConstraintForm-value-3460" value="3460" aria-label="!Naturalium (1)">
                            <label for="frm-productFilter-brandConstraintForm-value-3460">Naturalium (1)</label>
                        </div>


                                                         <div class="form-row" style="display: none;">
                            <input type="checkbox" name="value[]" onchange=" $('.filter-ajax-waiting').addClass('show');$(this).closest('form').submit();" id="frm-productFilter-brandConstraintForm-value-2297" value="2297" aria-label="!Naty (2)">
                            <label for="frm-productFilter-brandConstraintForm-value-2297">Naty (2)</label>
                        </div>


                                                         <div class="form-row" style="display: none;">
                            <input type="checkbox" name="value[]" onchange=" $('.filter-ajax-waiting').addClass('show');$(this).closest('form').submit();" id="frm-productFilter-brandConstraintForm-value-3350" value="3350" aria-label="!Nava (1)">
                            <label for="frm-productFilter-brandConstraintForm-value-3350">Nava (1)</label>
                        </div>


                                                         <div class="form-row" style="display: none;">
                            <input type="checkbox" name="value[]" onchange=" $('.filter-ajax-waiting').addClass('show');$(this).closest('form').submit();" id="frm-productFilter-brandConstraintForm-value-1082" value="1082" aria-label="!Negrita (1)">
                            <label for="frm-productFilter-brandConstraintForm-value-1082">Negrita (1)</label>
                        </div>


                                                         <div class="form-row" style="display: none;">
                            <input type="checkbox" name="value[]" onchange=" $('.filter-ajax-waiting').addClass('show');$(this).closest('form').submit();" id="frm-productFilter-brandConstraintForm-value-1256" value="1256" aria-label="!Nekton (7)">
                            <label for="frm-productFilter-brandConstraintForm-value-1256">Nekton (7)</label>
                        </div>


                                                         <div class="form-row" style="display: none;">
                            <input type="checkbox" name="value[]" onchange=" $('.filter-ajax-waiting').addClass('show');$(this).closest('form').submit();" id="frm-productFilter-brandConstraintForm-value-1095" value="1095" aria-label="!Neptun (1)">
                            <label for="frm-productFilter-brandConstraintForm-value-1095">Neptun (1)</label>
                        </div>


                                                         <div class="form-row" style="display: none;">
                            <input type="checkbox" name="value[]" onchange=" $('.filter-ajax-waiting').addClass('show');$(this).closest('form').submit();" id="frm-productFilter-brandConstraintForm-value-2382" value="2382" aria-label="!Neri (1)">
                            <label for="frm-productFilter-brandConstraintForm-value-2382">Neri (1)</label>
                        </div>


                                                         <div class="form-row" style="display: none;">
                            <input type="checkbox" name="value[]" onchange=" $('.filter-ajax-waiting').addClass('show');$(this).closest('form').submit();" id="frm-productFilter-brandConstraintForm-value-373" value="373" aria-label="!Nescafé (36)">
                            <label for="frm-productFilter-brandConstraintForm-value-373">Nescafé (36)</label>
                        </div>


                                                         <div class="form-row" style="display: none;">
                            <input type="checkbox" name="value[]" onchange=" $('.filter-ajax-waiting').addClass('show');$(this).closest('form').submit();" id="frm-productFilter-brandConstraintForm-value-407" value="407" aria-label="!Nestea (2)">
                            <label for="frm-productFilter-brandConstraintForm-value-407">Nestea (2)</label>
                        </div>


                                                         <div class="form-row" style="display: none;">
                            <input type="checkbox" name="value[]" onchange=" $('.filter-ajax-waiting').addClass('show');$(this).closest('form').submit();" id="frm-productFilter-brandConstraintForm-value-170" value="170" aria-label="!Nestlé (28)">
                            <label for="frm-productFilter-brandConstraintForm-value-170">Nestlé (28)</label>
                        </div>


                                                         <div class="form-row" style="display: none;">
                            <input type="checkbox" name="value[]" onchange=" $('.filter-ajax-waiting').addClass('show');$(this).closest('form').submit();" id="frm-productFilter-brandConstraintForm-value-2791" value="2791" aria-label="!Neudorff (1)">
                            <label for="frm-productFilter-brandConstraintForm-value-2791">Neudorff (1)</label>
                        </div>


                                                         <div class="form-row" style="display: none;">
                            <input type="checkbox" name="value[]" onchange=" $('.filter-ajax-waiting').addClass('show');$(this).closest('form').submit();" id="frm-productFilter-brandConstraintForm-value-1942" value="1942" aria-label="!Neutrogena (26)">
                            <label for="frm-productFilter-brandConstraintForm-value-1942">Neutrogena (26)</label>
                        </div>


                                                         <div class="form-row" style="display: none;">
                            <input type="checkbox" name="value[]" onchange=" $('.filter-ajax-waiting').addClass('show');$(this).closest('form').submit();" id="frm-productFilter-brandConstraintForm-value-1943" value="1943" aria-label="!Neutrogena® (1)">
                            <label for="frm-productFilter-brandConstraintForm-value-1943">Neutrogena® (1)</label>
                        </div>


                                                         <div class="form-row" style="display: none;">
                            <input type="checkbox" name="value[]" onchange=" $('.filter-ajax-waiting').addClass('show');$(this).closest('form').submit();" id="frm-productFilter-brandConstraintForm-value-1844" value="1844" aria-label="!Niva (1)">
                            <label for="frm-productFilter-brandConstraintForm-value-1844">Niva (1)</label>
                        </div>


                            <div class="form-row">
                            <input type="checkbox" name="value[]" onchange=" $('.filter-ajax-waiting').addClass('show');$(this).closest('form').submit();" id="frm-productFilter-brandConstraintForm-value-55" value="55" aria-label="!Nivea (95)">
                            <label for="frm-productFilter-brandConstraintForm-value-55">Nivea (95)</label>
                        </div>


                                                         <div class="form-row" style="display: none;">
                            <input type="checkbox" name="value[]" onchange=" $('.filter-ajax-waiting').addClass('show');$(this).closest('form').submit();" id="frm-productFilter-brandConstraintForm-value-1830" value="1830" aria-label="!Nivea For Men (4)">
                            <label for="frm-productFilter-brandConstraintForm-value-1830">Nivea For Men (4)</label>
                        </div>


                                                         <div class="form-row" style="display: none;">
                            <input type="checkbox" name="value[]" onchange=" $('.filter-ajax-waiting').addClass('show');$(this).closest('form').submit();" id="frm-productFilter-brandConstraintForm-value-1637" value="1637" aria-label="!Noel (1)">
                            <label for="frm-productFilter-brandConstraintForm-value-1637">Noel (1)</label>
                        </div>


                                                         <div class="form-row" style="display: none;">
                            <input type="checkbox" name="value[]" onchange=" $('.filter-ajax-waiting').addClass('show');$(this).closest('form').submit();" id="frm-productFilter-brandConstraintForm-value-3316" value="3316" aria-label="!Nohel garden (1)">
                            <label for="frm-productFilter-brandConstraintForm-value-3316">Nohel garden (1)</label>
                        </div>


                                                         <div class="form-row" style="display: none;">
                            <input type="checkbox" name="value[]" onchange=" $('.filter-ajax-waiting').addClass('show');$(this).closest('form').submit();" id="frm-productFilter-brandConstraintForm-value-523" value="523" aria-label="!Nordic Ice (2)">
                            <label for="frm-productFilter-brandConstraintForm-value-523">Nordic Ice (2)</label>
                        </div>


                                                         <div class="form-row" style="display: none;">
                            <input type="checkbox" name="value[]" onchange=" $('.filter-ajax-waiting').addClass('show');$(this).closest('form').submit();" id="frm-productFilter-brandConstraintForm-value-2713" value="2713" aria-label="!Nos Racines (1)">
                            <label for="frm-productFilter-brandConstraintForm-value-2713">Nos Racines (1)</label>
                        </div>


                                                         <div class="form-row" style="display: none;">
                            <input type="checkbox" name="value[]" onchange=" $('.filter-ajax-waiting').addClass('show');$(this).closest('form').submit();" id="frm-productFilter-brandConstraintForm-value-3398" value="3398" aria-label="!Nové vinařství Cépage (1)">
                            <label for="frm-productFilter-brandConstraintForm-value-3398">Nové vinařství Cépage (1)</label>
                        </div>


                                                         <div class="form-row" style="display: none;">
                            <input type="checkbox" name="value[]" onchange=" $('.filter-ajax-waiting').addClass('show');$(this).closest('form').submit();" id="frm-productFilter-brandConstraintForm-value-1529" value="1529" aria-label="!Nowaco (4)">
                            <label for="frm-productFilter-brandConstraintForm-value-1529">Nowaco (4)</label>
                        </div>


                                                         <div class="form-row" style="display: none;">
                            <input type="checkbox" name="value[]" onchange=" $('.filter-ajax-waiting').addClass('show');$(this).closest('form').submit();" id="frm-productFilter-brandConstraintForm-value-2843" value="2843" aria-label="!Nubian (4)">
                            <label for="frm-productFilter-brandConstraintForm-value-2843">Nubian (4)</label>
                        </div>


                                                         <div class="form-row" style="display: none;">
                            <input type="checkbox" name="value[]" onchange=" $('.filter-ajax-waiting').addClass('show');$(this).closest('form').submit();" id="frm-productFilter-brandConstraintForm-value-2933" value="2933" aria-label="!Nusica (2)">
                            <label for="frm-productFilter-brandConstraintForm-value-2933">Nusica (2)</label>
                        </div>


                                                         <div class="form-row" style="display: none;">
                            <input type="checkbox" name="value[]" onchange=" $('.filter-ajax-waiting').addClass('show');$(this).closest('form').submit();" id="frm-productFilter-brandConstraintForm-value-1540" value="1540" aria-label="!Nutrend (1)">
                            <label for="frm-productFilter-brandConstraintForm-value-1540">Nutrend (1)</label>
                        </div>


                                                         <div class="form-row" style="display: none;">
                            <input type="checkbox" name="value[]" onchange=" $('.filter-ajax-waiting').addClass('show');$(this).closest('form').submit();" id="frm-productFilter-brandConstraintForm-value-1322" value="1322" aria-label="!Nutrifree (10)">
                            <label for="frm-productFilter-brandConstraintForm-value-1322">Nutrifree (10)</label>
                        </div>


                                                         <div class="form-row" style="display: none;">
                            <input type="checkbox" name="value[]" onchange=" $('.filter-ajax-waiting').addClass('show');$(this).closest('form').submit();" id="frm-productFilter-brandConstraintForm-value-1311" value="1311" aria-label="!Nutrilon (1)">
                            <label for="frm-productFilter-brandConstraintForm-value-1311">Nutrilon (1)</label>
                        </div>


                                                         <div class="form-row" style="display: none;">
                            <input type="checkbox" name="value[]" onchange=" $('.filter-ajax-waiting').addClass('show');$(this).closest('form').submit();" id="frm-productFilter-brandConstraintForm-value-3518" value="3518" aria-label="!Nutrisi (2)">
                            <label for="frm-productFilter-brandConstraintForm-value-3518">Nutrisi (2)</label>
                        </div>


                                                         <div class="form-row" style="display: none;">
                            <input type="checkbox" name="value[]" onchange=" $('.filter-ajax-waiting').addClass('show');$(this).closest('form').submit();" id="frm-productFilter-brandConstraintForm-value-1483" value="1483" aria-label="!O.B (2)">
                            <label for="frm-productFilter-brandConstraintForm-value-1483">O.B (2)</label>
                        </div>


                                                         <div class="form-row" style="display: none;">
                            <input type="checkbox" name="value[]" onchange=" $('.filter-ajax-waiting').addClass('show');$(this).closest('form').submit();" id="frm-productFilter-brandConstraintForm-value-874" value="874" aria-label="!OKF (2)">
                            <label for="frm-productFilter-brandConstraintForm-value-874">OKF (2)</label>
                        </div>


                                                         <div class="form-row" style="display: none;">
                            <input type="checkbox" name="value[]" onchange=" $('.filter-ajax-waiting').addClass('show');$(this).closest('form').submit();" id="frm-productFilter-brandConstraintForm-value-2444" value="2444" aria-label="!OPI (1)">
                            <label for="frm-productFilter-brandConstraintForm-value-2444">OPI (1)</label>
                        </div>


                            <div class="form-row">
                            <input type="checkbox" name="value[]" onchange=" $('.filter-ajax-waiting').addClass('show');$(this).closest('form').submit();" id="frm-productFilter-brandConstraintForm-value-172" value="172" aria-label="!ORION (38)">
                            <label for="frm-productFilter-brandConstraintForm-value-172">ORION (38)</label>
                        </div>


                                                         <div class="form-row" style="display: none;">
                            <input type="checkbox" name="value[]" onchange=" $('.filter-ajax-waiting').addClass('show');$(this).closest('form').submit();" id="frm-productFilter-brandConstraintForm-value-1137" value="1137" aria-label="!Odol (4)">
                            <label for="frm-productFilter-brandConstraintForm-value-1137">Odol (4)</label>
                        </div>


                                                         <div class="form-row" style="display: none;">
                            <input type="checkbox" name="value[]" onchange=" $('.filter-ajax-waiting').addClass('show');$(this).closest('form').submit();" id="frm-productFilter-brandConstraintForm-value-2849" value="2849" aria-label="!Off! (1)">
                            <label for="frm-productFilter-brandConstraintForm-value-2849">Off! (1)</label>
                        </div>


                                                         <div class="form-row" style="display: none;">
                            <input type="checkbox" name="value[]" onchange=" $('.filter-ajax-waiting').addClass('show');$(this).closest('form').submit();" id="frm-productFilter-brandConstraintForm-value-576" value="576" aria-label="!Old Distillerie (1)">
                            <label for="frm-productFilter-brandConstraintForm-value-576">Old Distillerie (1)</label>
                        </div>


                                                         <div class="form-row" style="display: none;">
                            <input type="checkbox" name="value[]" onchange=" $('.filter-ajax-waiting').addClass('show');$(this).closest('form').submit();" id="frm-productFilter-brandConstraintForm-value-551" value="551" aria-label="!Old Porter (3)">
                            <label for="frm-productFilter-brandConstraintForm-value-551">Old Porter (3)</label>
                        </div>


                                                         <div class="form-row" style="display: none;">
                            <input type="checkbox" name="value[]" onchange=" $('.filter-ajax-waiting').addClass('show');$(this).closest('form').submit();" id="frm-productFilter-brandConstraintForm-value-1337" value="1337" aria-label="!Old Spice (3)">
                            <label for="frm-productFilter-brandConstraintForm-value-1337">Old Spice (3)</label>
                        </div>


                                                         <div class="form-row" style="display: none;">
                            <input type="checkbox" name="value[]" onchange=" $('.filter-ajax-waiting').addClass('show');$(this).closest('form').submit();" id="frm-productFilter-brandConstraintForm-value-102" value="102" aria-label="!Olma (7)">
                            <label for="frm-productFilter-brandConstraintForm-value-102">Olma (7)</label>
                        </div>


                                                         <div class="form-row" style="display: none;">
                            <input type="checkbox" name="value[]" onchange=" $('.filter-ajax-waiting').addClass('show');$(this).closest('form').submit();" id="frm-productFilter-brandConstraintForm-value-2461" value="2461" aria-label="!Omino Binaco (1)">
                            <label for="frm-productFilter-brandConstraintForm-value-2461">Omino Binaco (1)</label>
                        </div>


                                                         <div class="form-row" style="display: none;">
                            <input type="checkbox" name="value[]" onchange=" $('.filter-ajax-waiting').addClass('show');$(this).closest('form').submit();" id="frm-productFilter-brandConstraintForm-value-171" value="171" aria-label="!Opavia (1)">
                            <label for="frm-productFilter-brandConstraintForm-value-171">Opavia (1)</label>
                        </div>


                                                         <div class="form-row" style="display: none;">
                            <input type="checkbox" name="value[]" onchange=" $('.filter-ajax-waiting').addClass('show');$(this).closest('form').submit();" id="frm-productFilter-brandConstraintForm-value-332" value="332" aria-label="!Opies (2)">
                            <label for="frm-productFilter-brandConstraintForm-value-332">Opies (2)</label>
                        </div>


                                                         <div class="form-row" style="display: none;">
                            <input type="checkbox" name="value[]" onchange=" $('.filter-ajax-waiting').addClass('show');$(this).closest('form').submit();" id="frm-productFilter-brandConstraintForm-value-2653" value="2653" aria-label="!Optys (3)">
                            <label for="frm-productFilter-brandConstraintForm-value-2653">Optys (3)</label>
                        </div>


                                                         <div class="form-row" style="display: none;">
                            <input type="checkbox" name="value[]" onchange=" $('.filter-ajax-waiting').addClass('show');$(this).closest('form').submit();" id="frm-productFilter-brandConstraintForm-value-1335" value="1335" aria-label="!Oral B (7)">
                            <label for="frm-productFilter-brandConstraintForm-value-1335">Oral B (7)</label>
                        </div>


                                                         <div class="form-row" style="display: none;">
                            <input type="checkbox" name="value[]" onchange=" $('.filter-ajax-waiting').addClass('show');$(this).closest('form').submit();" id="frm-productFilter-brandConstraintForm-value-2802" value="2802" aria-label="!Organix (5)">
                            <label for="frm-productFilter-brandConstraintForm-value-2802">Organix (5)</label>
                        </div>


                                                         <div class="form-row" style="display: none;">
                            <input type="checkbox" name="value[]" onchange=" $('.filter-ajax-waiting').addClass('show');$(this).closest('form').submit();" id="frm-productFilter-brandConstraintForm-value-3025" value="3025" aria-label="!Originální hospodské brambůrky (1)">
                            <label for="frm-productFilter-brandConstraintForm-value-3025">Originální hospodské brambůrky (1)</label>
                        </div>


                                                         <div class="form-row" style="display: none;">
                            <input type="checkbox" name="value[]" onchange=" $('.filter-ajax-waiting').addClass('show');$(this).closest('form').submit();" id="frm-productFilter-brandConstraintForm-value-2391" value="2391" aria-label="!Orto Conserviera (1)">
                            <label for="frm-productFilter-brandConstraintForm-value-2391">Orto Conserviera (1)</label>
                        </div>


                                                         <div class="form-row" style="display: none;">
                            <input type="checkbox" name="value[]" onchange=" $('.filter-ajax-waiting').addClass('show');$(this).closest('form').submit();" id="frm-productFilter-brandConstraintForm-value-2646" value="2646" aria-label="!Osborne (1)">
                            <label for="frm-productFilter-brandConstraintForm-value-2646">Osborne (1)</label>
                        </div>


                                                         <div class="form-row" style="display: none;">
                            <input type="checkbox" name="value[]" onchange=" $('.filter-ajax-waiting').addClass('show');$(this).closest('form').submit();" id="frm-productFilter-brandConstraintForm-value-320" value="320" aria-label="!Otma (2)">
                            <label for="frm-productFilter-brandConstraintForm-value-320">Otma (2)</label>
                        </div>


                                                         <div class="form-row" style="display: none;">
                            <input type="checkbox" name="value[]" onchange=" $('.filter-ajax-waiting').addClass('show');$(this).closest('form').submit();" id="frm-productFilter-brandConstraintForm-value-2253" value="2253" aria-label="!Ovocňák (1)">
                            <label for="frm-productFilter-brandConstraintForm-value-2253">Ovocňák (1)</label>
                        </div>


                                                         <div class="form-row" style="display: none;">
                            <input type="checkbox" name="value[]" onchange=" $('.filter-ajax-waiting').addClass('show');$(this).closest('form').submit();" id="frm-productFilter-brandConstraintForm-value-2912" value="2912" aria-label="!PAC Hořivice (4)">
                            <label for="frm-productFilter-brandConstraintForm-value-2912">PAC Hořivice (4)</label>
                        </div>


                                                         <div class="form-row" style="display: none;">
                            <input type="checkbox" name="value[]" onchange=" $('.filter-ajax-waiting').addClass('show');$(this).closest('form').submit();" id="frm-productFilter-brandConstraintForm-value-2493" value="2493" aria-label="!PAC Hořovice (4)">
                            <label for="frm-productFilter-brandConstraintForm-value-2493">PAC Hořovice (4)</label>
                        </div>


                                                         <div class="form-row" style="display: none;">
                            <input type="checkbox" name="value[]" onchange=" $('.filter-ajax-waiting').addClass('show');$(this).closest('form').submit();" id="frm-productFilter-brandConstraintForm-value-1477" value="1477" aria-label="!PEO (4)">
                            <label for="frm-productFilter-brandConstraintForm-value-1477">PEO (4)</label>
                        </div>


                                                         <div class="form-row" style="display: none;">
                            <input type="checkbox" name="value[]" onchange=" $('.filter-ajax-waiting').addClass('show');$(this).closest('form').submit();" id="frm-productFilter-brandConstraintForm-value-3435" value="3435" aria-label="!Paddy (2)">
                            <label for="frm-productFilter-brandConstraintForm-value-3435">Paddy (2)</label>
                        </div>


                                                         <div class="form-row" style="display: none;">
                            <input type="checkbox" name="value[]" onchange=" $('.filter-ajax-waiting').addClass('show');$(this).closest('form').submit();" id="frm-productFilter-brandConstraintForm-value-3377" value="3377" aria-label="!Palette (17)">
                            <label for="frm-productFilter-brandConstraintForm-value-3377">Palette (17)</label>
                        </div>


                                                         <div class="form-row" style="display: none;">
                            <input type="checkbox" name="value[]" onchange=" $('.filter-ajax-waiting').addClass('show');$(this).closest('form').submit();" id="frm-productFilter-brandConstraintForm-value-23" value="23" aria-label="!Palmex (1)">
                            <label for="frm-productFilter-brandConstraintForm-value-23">Palmex (1)</label>
                        </div>


                                                         <div class="form-row" style="display: none;">
                            <input type="checkbox" name="value[]" onchange=" $('.filter-ajax-waiting').addClass('show');$(this).closest('form').submit();" id="frm-productFilter-brandConstraintForm-value-689" value="689" aria-label="!Palmolive (12)">
                            <label for="frm-productFilter-brandConstraintForm-value-689">Palmolive (12)</label>
                        </div>


                                                         <div class="form-row" style="display: none;">
                            <input type="checkbox" name="value[]" onchange=" $('.filter-ajax-waiting').addClass('show');$(this).closest('form').submit();" id="frm-productFilter-brandConstraintForm-value-510" value="510" aria-label="!Palírna U Zeleného Stromu (2)">
                            <label for="frm-productFilter-brandConstraintForm-value-510">Palírna U Zeleného Stromu (2)</label>
                        </div>


                                                         <div class="form-row" style="display: none;">
                            <input type="checkbox" name="value[]" onchange=" $('.filter-ajax-waiting').addClass('show');$(this).closest('form').submit();" id="frm-productFilter-brandConstraintForm-value-3436" value="3436" aria-label="!Pampero (1)">
                            <label for="frm-productFilter-brandConstraintForm-value-3436">Pampero (1)</label>
                        </div>


                                                         <div class="form-row" style="display: none;">
                            <input type="checkbox" name="value[]" onchange=" $('.filter-ajax-waiting').addClass('show');$(this).closest('form').submit();" id="frm-productFilter-brandConstraintForm-value-7" value="7" aria-label="!Pampers (8)">
                            <label for="frm-productFilter-brandConstraintForm-value-7">Pampers (8)</label>
                        </div>


                                                         <div class="form-row" style="display: none;">
                            <input type="checkbox" name="value[]" onchange=" $('.filter-ajax-waiting').addClass('show');$(this).closest('form').submit();" id="frm-productFilter-brandConstraintForm-value-580" value="580" aria-label="!Panda (7)">
                            <label for="frm-productFilter-brandConstraintForm-value-580">Panda (7)</label>
                        </div>


                                                         <div class="form-row" style="display: none;">
                            <input type="checkbox" name="value[]" onchange=" $('.filter-ajax-waiting').addClass('show');$(this).closest('form').submit();" id="frm-productFilter-brandConstraintForm-value-3358" value="3358" aria-label="!Pantene (8)">
                            <label for="frm-productFilter-brandConstraintForm-value-3358">Pantene (8)</label>
                        </div>


                                                         <div class="form-row" style="display: none;">
                            <input type="checkbox" name="value[]" onchange=" $('.filter-ajax-waiting').addClass('show');$(this).closest('form').submit();" id="frm-productFilter-brandConstraintForm-value-445" value="445" aria-label="!Pardál (1)">
                            <label for="frm-productFilter-brandConstraintForm-value-445">Pardál (1)</label>
                        </div>


                                                         <div class="form-row" style="display: none;">
                            <input type="checkbox" name="value[]" onchange=" $('.filter-ajax-waiting').addClass('show');$(this).closest('form').submit();" id="frm-productFilter-brandConstraintForm-value-2294" value="2294" aria-label="!Pares Balta (3)">
                            <label for="frm-productFilter-brandConstraintForm-value-2294">Pares Balta (3)</label>
                        </div>


                                                         <div class="form-row" style="display: none;">
                            <input type="checkbox" name="value[]" onchange=" $('.filter-ajax-waiting').addClass('show');$(this).closest('form').submit();" id="frm-productFilter-brandConstraintForm-value-72" value="72" aria-label="!Parodontax (1)">
                            <label for="frm-productFilter-brandConstraintForm-value-72">Parodontax (1)</label>
                        </div>


                                                         <div class="form-row" style="display: none;">
                            <input type="checkbox" name="value[]" onchange=" $('.filter-ajax-waiting').addClass('show');$(this).closest('form').submit();" id="frm-productFilter-brandConstraintForm-value-3035" value="3035" aria-label="!Pastificio Bolognese (1)">
                            <label for="frm-productFilter-brandConstraintForm-value-3035">Pastificio Bolognese (1)</label>
                        </div>


                                                         <div class="form-row" style="display: none;">
                            <input type="checkbox" name="value[]" onchange=" $('.filter-ajax-waiting').addClass('show');$(this).closest('form').submit();" id="frm-productFilter-brandConstraintForm-value-159" value="159" aria-label="!Paté Du Chef (2)">
                            <label for="frm-productFilter-brandConstraintForm-value-159">Paté Du Chef (2)</label>
                        </div>


                                                         <div class="form-row" style="display: none;">
                            <input type="checkbox" name="value[]" onchange=" $('.filter-ajax-waiting').addClass('show');$(this).closest('form').submit();" id="frm-productFilter-brandConstraintForm-value-3233" value="3233" aria-label="!Paul Mas (1)">
                            <label for="frm-productFilter-brandConstraintForm-value-3233">Paul Mas (1)</label>
                        </div>


                                                         <div class="form-row" style="display: none;">
                            <input type="checkbox" name="value[]" onchange=" $('.filter-ajax-waiting').addClass('show');$(this).closest('form').submit();" id="frm-productFilter-brandConstraintForm-value-3462" value="3462" aria-label="!Pearl Drops (5)">
                            <label for="frm-productFilter-brandConstraintForm-value-3462">Pearl Drops (5)</label>
                        </div>


                                                         <div class="form-row" style="display: none;">
                            <input type="checkbox" name="value[]" onchange=" $('.filter-ajax-waiting').addClass('show');$(this).closest('form').submit();" id="frm-productFilter-brandConstraintForm-value-19" value="19" aria-label="!Pedigree (13)">
                            <label for="frm-productFilter-brandConstraintForm-value-19">Pedigree (13)</label>
                        </div>


                                                         <div class="form-row" style="display: none;">
                            <input type="checkbox" name="value[]" onchange=" $('.filter-ajax-waiting').addClass('show');$(this).closest('form').submit();" id="frm-productFilter-brandConstraintForm-value-2057" value="2057" aria-label="!Pejskar (3)">
                            <label for="frm-productFilter-brandConstraintForm-value-2057">Pejskar (3)</label>
                        </div>


                                                         <div class="form-row" style="display: none;">
                            <input type="checkbox" name="value[]" onchange=" $('.filter-ajax-waiting').addClass('show');$(this).closest('form').submit();" id="frm-productFilter-brandConstraintForm-value-2166" value="2166" aria-label="!Pekárna Kabát (5)">
                            <label for="frm-productFilter-brandConstraintForm-value-2166">Pekárna Kabát (5)</label>
                        </div>


                                                         <div class="form-row" style="display: none;">
                            <input type="checkbox" name="value[]" onchange=" $('.filter-ajax-waiting').addClass('show');$(this).closest('form').submit();" id="frm-productFilter-brandConstraintForm-value-86" value="86" aria-label="!Penam (12)">
                            <label for="frm-productFilter-brandConstraintForm-value-86">Penam (12)</label>
                        </div>


                                                         <div class="form-row" style="display: none;">
                            <input type="checkbox" name="value[]" onchange=" $('.filter-ajax-waiting').addClass('show');$(this).closest('form').submit();" id="frm-productFilter-brandConstraintForm-value-586" value="586" aria-label="!Pepino (1)">
                            <label for="frm-productFilter-brandConstraintForm-value-586">Pepino (1)</label>
                        </div>


                                                         <div class="form-row" style="display: none;">
                            <input type="checkbox" name="value[]" onchange=" $('.filter-ajax-waiting').addClass('show');$(this).closest('form').submit();" id="frm-productFilter-brandConstraintForm-value-412" value="412" aria-label="!Pepsi (1)">
                            <label for="frm-productFilter-brandConstraintForm-value-412">Pepsi (1)</label>
                        </div>


                                                         <div class="form-row" style="display: none;">
                            <input type="checkbox" name="value[]" onchange=" $('.filter-ajax-waiting').addClass('show');$(this).closest('form').submit();" id="frm-productFilter-brandConstraintForm-value-1468" value="1468" aria-label="!Perfect Fit (3)">
                            <label for="frm-productFilter-brandConstraintForm-value-1468">Perfect Fit (3)</label>
                        </div>


                                                         <div class="form-row" style="display: none;">
                            <input type="checkbox" name="value[]" onchange=" $('.filter-ajax-waiting').addClass('show');$(this).closest('form').submit();" id="frm-productFilter-brandConstraintForm-value-3155" value="3155" aria-label="!Perník Těchlovice (1)">
                            <label for="frm-productFilter-brandConstraintForm-value-3155">Perník Těchlovice (1)</label>
                        </div>


                                                         <div class="form-row" style="display: none;">
                            <input type="checkbox" name="value[]" onchange=" $('.filter-ajax-waiting').addClass('show');$(this).closest('form').submit();" id="frm-productFilter-brandConstraintForm-value-24" value="24" aria-label="!Persil (5)">
                            <label for="frm-productFilter-brandConstraintForm-value-24">Persil (5)</label>
                        </div>


                                                         <div class="form-row" style="display: none;">
                            <input type="checkbox" name="value[]" onchange=" $('.filter-ajax-waiting').addClass('show');$(this).closest('form').submit();" id="frm-productFilter-brandConstraintForm-value-2320" value="2320" aria-label="!Pet Chef (2)">
                            <label for="frm-productFilter-brandConstraintForm-value-2320">Pet Chef (2)</label>
                        </div>


                                                         <div class="form-row" style="display: none;">
                            <input type="checkbox" name="value[]" onchange=" $('.filter-ajax-waiting').addClass('show');$(this).closest('form').submit();" id="frm-productFilter-brandConstraintForm-value-2321" value="2321" aria-label="!Pet Royal (1)">
                            <label for="frm-productFilter-brandConstraintForm-value-2321">Pet Royal (1)</label>
                        </div>


                                                         <div class="form-row" style="display: none;">
                            <input type="checkbox" name="value[]" onchange=" $('.filter-ajax-waiting').addClass('show');$(this).closest('form').submit();" id="frm-productFilter-brandConstraintForm-value-3533" value="3533" aria-label="!Peter Yealands (4)">
                            <label for="frm-productFilter-brandConstraintForm-value-3533">Peter Yealands (4)</label>
                        </div>


                                                         <div class="form-row" style="display: none;">
                            <input type="checkbox" name="value[]" onchange=" $('.filter-ajax-waiting').addClass('show');$(this).closest('form').submit();" id="frm-productFilter-brandConstraintForm-value-3485" value="3485" aria-label="!Petit Frere (1)">
                            <label for="frm-productFilter-brandConstraintForm-value-3485">Petit Frere (1)</label>
                        </div>


                                                         <div class="form-row" style="display: none;">
                            <input type="checkbox" name="value[]" onchange=" $('.filter-ajax-waiting').addClass('show');$(this).closest('form').submit();" id="frm-productFilter-brandConstraintForm-value-324" value="324" aria-label="!Pfanner (12)">
                            <label for="frm-productFilter-brandConstraintForm-value-324">Pfanner (12)</label>
                        </div>


                                                         <div class="form-row" style="display: none;">
                            <input type="checkbox" name="value[]" onchange=" $('.filter-ajax-waiting').addClass('show');$(this).closest('form').submit();" id="frm-productFilter-brandConstraintForm-value-157" value="157" aria-label="!Pick (2)">
                            <label for="frm-productFilter-brandConstraintForm-value-157">Pick (2)</label>
                        </div>


                                                         <div class="form-row" style="display: none;">
                            <input type="checkbox" name="value[]" onchange=" $('.filter-ajax-waiting').addClass('show');$(this).closest('form').submit();" id="frm-productFilter-brandConstraintForm-value-357" value="357" aria-label="!Pickwick (3)">
                            <label for="frm-productFilter-brandConstraintForm-value-357">Pickwick (3)</label>
                        </div>


                                                         <div class="form-row" style="display: none;">
                            <input type="checkbox" name="value[]" onchange=" $('.filter-ajax-waiting').addClass('show');$(this).closest('form').submit();" id="frm-productFilter-brandConstraintForm-value-453" value="453" aria-label="!Pilsner Urquell (3)">
                            <label for="frm-productFilter-brandConstraintForm-value-453">Pilsner Urquell (3)</label>
                        </div>


                                                         <div class="form-row" style="display: none;">
                            <input type="checkbox" name="value[]" onchange=" $('.filter-ajax-waiting').addClass('show');$(this).closest('form').submit();" id="frm-productFilter-brandConstraintForm-value-2372" value="2372" aria-label="!Pitralon (1)">
                            <label for="frm-productFilter-brandConstraintForm-value-2372">Pitralon (1)</label>
                        </div>


                                                         <div class="form-row" style="display: none;">
                            <input type="checkbox" name="value[]" onchange=" $('.filter-ajax-waiting').addClass('show');$(this).closest('form').submit();" id="frm-productFilter-brandConstraintForm-value-3002" value="3002" aria-label="!Pitú Cachaca                                                (1)">
                            <label for="frm-productFilter-brandConstraintForm-value-3002">Pitú Cachaca                                                (1)</label>
                        </div>


                                                         <div class="form-row" style="display: none;">
                            <input type="checkbox" name="value[]" onchange=" $('.filter-ajax-waiting').addClass('show');$(this).closest('form').submit();" id="frm-productFilter-brandConstraintForm-value-2962" value="2962" aria-label="!Pizzeti (1)">
                            <label for="frm-productFilter-brandConstraintForm-value-2962">Pizzeti (1)</label>
                        </div>


                                                         <div class="form-row" style="display: none;">
                            <input type="checkbox" name="value[]" onchange=" $('.filter-ajax-waiting').addClass('show');$(this).closest('form').submit();" id="frm-productFilter-brandConstraintForm-value-302" value="302" aria-label="!Podravka (12)">
                            <label for="frm-productFilter-brandConstraintForm-value-302">Podravka (12)</label>
                        </div>


                                                         <div class="form-row" style="display: none;">
                            <input type="checkbox" name="value[]" onchange=" $('.filter-ajax-waiting').addClass('show');$(this).closest('form').submit();" id="frm-productFilter-brandConstraintForm-value-403" value="403" aria-label="!Poděbradka (3)">
                            <label for="frm-productFilter-brandConstraintForm-value-403">Poděbradka (3)</label>
                        </div>


                                                         <div class="form-row" style="display: none;">
                            <input type="checkbox" name="value[]" onchange=" $('.filter-ajax-waiting').addClass('show');$(this).closest('form').submit();" id="frm-productFilter-brandConstraintForm-value-158" value="158" aria-label="!Ponnath (3)">
                            <label for="frm-productFilter-brandConstraintForm-value-158">Ponnath (3)</label>
                        </div>


                                                         <div class="form-row" style="display: none;">
                            <input type="checkbox" name="value[]" onchange=" $('.filter-ajax-waiting').addClass('show');$(this).closest('form').submit();" id="frm-productFilter-brandConstraintForm-value-1774" value="1774" aria-label="!Ponnath ŘEZNIČTÍ MISTŘI (2)">
                            <label for="frm-productFilter-brandConstraintForm-value-1774">Ponnath ŘEZNIČTÍ MISTŘI (2)</label>
                        </div>


                                                         <div class="form-row" style="display: none;">
                            <input type="checkbox" name="value[]" onchange=" $('.filter-ajax-waiting').addClass('show');$(this).closest('form').submit();" id="frm-productFilter-brandConstraintForm-value-2589" value="2589" aria-label="!Post It (2)">
                            <label for="frm-productFilter-brandConstraintForm-value-2589">Post It (2)</label>
                        </div>


                                                         <div class="form-row" style="display: none;">
                            <input type="checkbox" name="value[]" onchange=" $('.filter-ajax-waiting').addClass('show');$(this).closest('form').submit();" id="frm-productFilter-brandConstraintForm-value-825" value="825" aria-label="!Prantl (2)">
                            <label for="frm-productFilter-brandConstraintForm-value-825">Prantl (2)</label>
                        </div>


                                                         <div class="form-row" style="display: none;">
                            <input type="checkbox" name="value[]" onchange=" $('.filter-ajax-waiting').addClass('show');$(this).closest('form').submit();" id="frm-productFilter-brandConstraintForm-value-2150" value="2150" aria-label="!PreVital (8)">
                            <label for="frm-productFilter-brandConstraintForm-value-2150">PreVital (8)</label>
                        </div>


                                                         <div class="form-row" style="display: none;">
                            <input type="checkbox" name="value[]" onchange=" $('.filter-ajax-waiting').addClass('show');$(this).closest('form').submit();" id="frm-productFilter-brandConstraintForm-value-1538" value="1538" aria-label="!Prima (1)">
                            <label for="frm-productFilter-brandConstraintForm-value-1538">Prima (1)</label>
                        </div>


                                                         <div class="form-row" style="display: none;">
                            <input type="checkbox" name="value[]" onchange=" $('.filter-ajax-waiting').addClass('show');$(this).closest('form').submit();" id="frm-productFilter-brandConstraintForm-value-239" value="239" aria-label="!Pringles (14)">
                            <label for="frm-productFilter-brandConstraintForm-value-239">Pringles (14)</label>
                        </div>


                                                         <div class="form-row" style="display: none;">
                            <input type="checkbox" name="value[]" onchange=" $('.filter-ajax-waiting').addClass('show');$(this).closest('form').submit();" id="frm-productFilter-brandConstraintForm-value-3227" value="3227" aria-label="!Probio (1)">
                            <label for="frm-productFilter-brandConstraintForm-value-3227">Probio (1)</label>
                        </div>


                                                         <div class="form-row" style="display: none;">
                            <input type="checkbox" name="value[]" onchange=" $('.filter-ajax-waiting').addClass('show');$(this).closest('form').submit();" id="frm-productFilter-brandConstraintForm-value-3427" value="3427" aria-label="!Profibaby (1)">
                            <label for="frm-productFilter-brandConstraintForm-value-3427">Profibaby (1)</label>
                        </div>


                                                         <div class="form-row" style="display: none;">
                            <input type="checkbox" name="value[]" onchange=" $('.filter-ajax-waiting').addClass('show');$(this).closest('form').submit();" id="frm-productFilter-brandConstraintForm-value-2452" value="2452" aria-label="!Prominent (8)">
                            <label for="frm-productFilter-brandConstraintForm-value-2452">Prominent (8)</label>
                        </div>


                                                         <div class="form-row" style="display: none;">
                            <input type="checkbox" name="value[]" onchange=" $('.filter-ajax-waiting').addClass('show');$(this).closest('form').submit();" id="frm-productFilter-brandConstraintForm-value-45" value="45" aria-label="!Pronto (1)">
                            <label for="frm-productFilter-brandConstraintForm-value-45">Pronto (1)</label>
                        </div>


                                                         <div class="form-row" style="display: none;">
                            <input type="checkbox" name="value[]" onchange=" $('.filter-ajax-waiting').addClass('show');$(this).closest('form').submit();" id="frm-productFilter-brandConstraintForm-value-1948" value="1948" aria-label="!Protex (1)">
                            <label for="frm-productFilter-brandConstraintForm-value-1948">Protex (1)</label>
                        </div>


                                                         <div class="form-row" style="display: none;">
                            <input type="checkbox" name="value[]" onchange=" $('.filter-ajax-waiting').addClass('show');$(this).closest('form').submit();" id="frm-productFilter-brandConstraintForm-value-3527" value="3527" aria-label="!Protos (2)">
                            <label for="frm-productFilter-brandConstraintForm-value-3527">Protos (2)</label>
                        </div>


                                                         <div class="form-row" style="display: none;">
                            <input type="checkbox" name="value[]" onchange=" $('.filter-ajax-waiting').addClass('show');$(this).closest('form').submit();" id="frm-productFilter-brandConstraintForm-value-141" value="141" aria-label="!Président (5)">
                            <label for="frm-productFilter-brandConstraintForm-value-141">Président (5)</label>
                        </div>


                                                         <div class="form-row" style="display: none;">
                            <input type="checkbox" name="value[]" onchange=" $('.filter-ajax-waiting').addClass('show');$(this).closest('form').submit();" id="frm-productFilter-brandConstraintForm-value-2842" value="2842" aria-label="!Pszczolka (1)">
                            <label for="frm-productFilter-brandConstraintForm-value-2842">Pszczolka (1)</label>
                        </div>


                                                         <div class="form-row" style="display: none;">
                            <input type="checkbox" name="value[]" onchange=" $('.filter-ajax-waiting').addClass('show');$(this).closest('form').submit();" id="frm-productFilter-brandConstraintForm-value-1045" value="1045" aria-label="!Pure (8)">
                            <label for="frm-productFilter-brandConstraintForm-value-1045">Pure (8)</label>
                        </div>


                                                         <div class="form-row" style="display: none;">
                            <input type="checkbox" name="value[]" onchange=" $('.filter-ajax-waiting').addClass('show');$(this).closest('form').submit();" id="frm-productFilter-brandConstraintForm-value-3403" value="3403" aria-label="!Pure Beginnings (5)">
                            <label for="frm-productFilter-brandConstraintForm-value-3403">Pure Beginnings (5)</label>
                        </div>


                                                         <div class="form-row" style="display: none;">
                            <input type="checkbox" name="value[]" onchange=" $('.filter-ajax-waiting').addClass('show');$(this).closest('form').submit();" id="frm-productFilter-brandConstraintForm-value-17" value="17" aria-label="!Purina ONE (5)">
                            <label for="frm-productFilter-brandConstraintForm-value-17">Purina ONE (5)</label>
                        </div>


                                                         <div class="form-row" style="display: none;">
                            <input type="checkbox" name="value[]" onchange=" $('.filter-ajax-waiting').addClass('show');$(this).closest('form').submit();" id="frm-productFilter-brandConstraintForm-value-3343" value="3343" aria-label="!Purina Pro Plan (4)">
                            <label for="frm-productFilter-brandConstraintForm-value-3343">Purina Pro Plan (4)</label>
                        </div>


                                                         <div class="form-row" style="display: none;">
                            <input type="checkbox" name="value[]" onchange=" $('.filter-ajax-waiting').addClass('show');$(this).closest('form').submit();" id="frm-productFilter-brandConstraintForm-value-1142" value="1142" aria-label="!Puschkin (2)">
                            <label for="frm-productFilter-brandConstraintForm-value-1142">Puschkin (2)</label>
                        </div>


                                                         <div class="form-row" style="display: none;">
                            <input type="checkbox" name="value[]" onchange=" $('.filter-ajax-waiting').addClass('show');$(this).closest('form').submit();" id="frm-productFilter-brandConstraintForm-value-3360" value="3360" aria-label="!Q-Grand (1)">
                            <label for="frm-productFilter-brandConstraintForm-value-3360">Q-Grand (1)</label>
                        </div>


                                                         <div class="form-row" style="display: none;">
                            <input type="checkbox" name="value[]" onchange=" $('.filter-ajax-waiting').addClass('show');$(this).closest('form').submit();" id="frm-productFilter-brandConstraintForm-value-703" value="703" aria-label="!Qpack (1)">
                            <label for="frm-productFilter-brandConstraintForm-value-703">Qpack (1)</label>
                        </div>


                                                         <div class="form-row" style="display: none;">
                            <input type="checkbox" name="value[]" onchange=" $('.filter-ajax-waiting').addClass('show');$(this).closest('form').submit();" id="frm-productFilter-brandConstraintForm-value-506" value="506" aria-label="!R. JELÍNEK (24)">
                            <label for="frm-productFilter-brandConstraintForm-value-506">R. JELÍNEK (24)</label>
                        </div>


                                                         <div class="form-row" style="display: none;">
                            <input type="checkbox" name="value[]" onchange=" $('.filter-ajax-waiting').addClass('show');$(this).closest('form').submit();" id="frm-productFilter-brandConstraintForm-value-3023" value="3023" aria-label="!R3ptile (3)">
                            <label for="frm-productFilter-brandConstraintForm-value-3023">R3ptile (3)</label>
                        </div>


                                                         <div class="form-row" style="display: none;">
                            <input type="checkbox" name="value[]" onchange=" $('.filter-ajax-waiting').addClass('show');$(this).closest('form').submit();" id="frm-productFilter-brandConstraintForm-value-2804" value="2804" aria-label="!RAWITO (1)">
                            <label for="frm-productFilter-brandConstraintForm-value-2804">RAWITO (1)</label>
                        </div>


                                                         <div class="form-row" style="display: none;">
                            <input type="checkbox" name="value[]" onchange=" $('.filter-ajax-waiting').addClass('show');$(this).closest('form').submit();" id="frm-productFilter-brandConstraintForm-value-3178" value="3178" aria-label="!RUMMO (4)">
                            <label for="frm-productFilter-brandConstraintForm-value-3178">RUMMO (4)</label>
                        </div>


                                                         <div class="form-row" style="display: none;">
                            <input type="checkbox" name="value[]" onchange=" $('.filter-ajax-waiting').addClass('show');$(this).closest('form').submit();" id="frm-productFilter-brandConstraintForm-value-2964" value="2964" aria-label="!Rabbit (1)">
                            <label for="frm-productFilter-brandConstraintForm-value-2964">Rabbit (1)</label>
                        </div>


                                                         <div class="form-row" style="display: none;">
                            <input type="checkbox" name="value[]" onchange=" $('.filter-ajax-waiting').addClass('show');$(this).closest('form').submit();" id="frm-productFilter-brandConstraintForm-value-327" value="327" aria-label="!Racio (1)">
                            <label for="frm-productFilter-brandConstraintForm-value-327">Racio (1)</label>
                        </div>


                                                         <div class="form-row" style="display: none;">
                            <input type="checkbox" name="value[]" onchange=" $('.filter-ajax-waiting').addClass('show');$(this).closest('form').submit();" id="frm-productFilter-brandConstraintForm-value-2119" value="2119" aria-label="!Raciola (1)">
                            <label for="frm-productFilter-brandConstraintForm-value-2119">Raciola (1)</label>
                        </div>


                                                         <div class="form-row" style="display: none;">
                            <input type="checkbox" name="value[]" onchange=" $('.filter-ajax-waiting').addClass('show');$(this).closest('form').submit();" id="frm-productFilter-brandConstraintForm-value-3046" value="3046" aria-label="!Radenska (1)">
                            <label for="frm-productFilter-brandConstraintForm-value-3046">Radenska (1)</label>
                        </div>


                                                         <div class="form-row" style="display: none;">
                            <input type="checkbox" name="value[]" onchange=" $('.filter-ajax-waiting').addClass('show');$(this).closest('form').submit();" id="frm-productFilter-brandConstraintForm-value-68" value="68" aria-label="!Radox (2)">
                            <label for="frm-productFilter-brandConstraintForm-value-68">Radox (2)</label>
                        </div>


                                                         <div class="form-row" style="display: none;">
                            <input type="checkbox" name="value[]" onchange=" $('.filter-ajax-waiting').addClass('show');$(this).closest('form').submit();" id="frm-productFilter-brandConstraintForm-value-400" value="400" aria-label="!Rajec (1)">
                            <label for="frm-productFilter-brandConstraintForm-value-400">Rajec (1)</label>
                        </div>


                                                         <div class="form-row" style="display: none;">
                            <input type="checkbox" name="value[]" onchange=" $('.filter-ajax-waiting').addClass('show');$(this).closest('form').submit();" id="frm-productFilter-brandConstraintForm-value-129" value="129" aria-label="!Rama (8)">
                            <label for="frm-productFilter-brandConstraintForm-value-129">Rama (8)</label>
                        </div>


                                                         <div class="form-row" style="display: none;">
                            <input type="checkbox" name="value[]" onchange=" $('.filter-ajax-waiting').addClass('show');$(this).closest('form').submit();" id="frm-productFilter-brandConstraintForm-value-2970" value="2970" aria-label="!Ramazzotti (3)">
                            <label for="frm-productFilter-brandConstraintForm-value-2970">Ramazzotti (3)</label>
                        </div>


                                                         <div class="form-row" style="display: none;">
                            <input type="checkbox" name="value[]" onchange=" $('.filter-ajax-waiting').addClass('show');$(this).closest('form').submit();" id="frm-productFilter-brandConstraintForm-value-1048" value="1048" aria-label="!Rapa (2)">
                            <label for="frm-productFilter-brandConstraintForm-value-1048">Rapa (2)</label>
                        </div>


                                                         <div class="form-row" style="display: none;">
                            <input type="checkbox" name="value[]" onchange=" $('.filter-ajax-waiting').addClass('show');$(this).closest('form').submit();" id="frm-productFilter-brandConstraintForm-value-2654" value="2654" aria-label="!Rapid (2)">
                            <label for="frm-productFilter-brandConstraintForm-value-2654">Rapid (2)</label>
                        </div>


                                                         <div class="form-row" style="display: none;">
                            <input type="checkbox" name="value[]" onchange=" $('.filter-ajax-waiting').addClass('show');$(this).closest('form').submit();" id="frm-productFilter-brandConstraintForm-value-2170" value="2170" aria-label="!Rapunzel (3)">
                            <label for="frm-productFilter-brandConstraintForm-value-2170">Rapunzel (3)</label>
                        </div>


                                                         <div class="form-row" style="display: none;">
                            <input type="checkbox" name="value[]" onchange=" $('.filter-ajax-waiting').addClass('show');$(this).closest('form').submit();" id="frm-productFilter-brandConstraintForm-value-385" value="385" aria-label="!Rauch (18)">
                            <label for="frm-productFilter-brandConstraintForm-value-385">Rauch (18)</label>
                        </div>


                                                         <div class="form-row" style="display: none;">
                            <input type="checkbox" name="value[]" onchange=" $('.filter-ajax-waiting').addClass('show');$(this).closest('form').submit();" id="frm-productFilter-brandConstraintForm-value-2174" value="2174" aria-label="!Rawfood (1)">
                            <label for="frm-productFilter-brandConstraintForm-value-2174">Rawfood (1)</label>
                        </div>


                                                         <div class="form-row" style="display: none;">
                            <input type="checkbox" name="value[]" onchange=" $('.filter-ajax-waiting').addClass('show');$(this).closest('form').submit();" id="frm-productFilter-brandConstraintForm-value-2371" value="2371" aria-label="!Rawmeo (1)">
                            <label for="frm-productFilter-brandConstraintForm-value-2371">Rawmeo (1)</label>
                        </div>


                                                         <div class="form-row" style="display: none;">
                            <input type="checkbox" name="value[]" onchange=" $('.filter-ajax-waiting').addClass('show');$(this).closest('form').submit();" id="frm-productFilter-brandConstraintForm-value-414" value="414" aria-label="!Red Bull (1)">
                            <label for="frm-productFilter-brandConstraintForm-value-414">Red Bull (1)</label>
                        </div>


                                                         <div class="form-row" style="display: none;">
                            <input type="checkbox" name="value[]" onchange=" $('.filter-ajax-waiting').addClass('show');$(this).closest('form').submit();" id="frm-productFilter-brandConstraintForm-value-1146" value="1146" aria-label="!Red Label  (1)">
                            <label for="frm-productFilter-brandConstraintForm-value-1146">Red Label  (1)</label>
                        </div>


                                                         <div class="form-row" style="display: none;">
                            <input type="checkbox" name="value[]" onchange=" $('.filter-ajax-waiting').addClass('show');$(this).closest('form').submit();" id="frm-productFilter-brandConstraintForm-value-3378" value="3378" aria-label="!Regina (5)">
                            <label for="frm-productFilter-brandConstraintForm-value-3378">Regina (5)</label>
                        </div>


                                                         <div class="form-row" style="display: none;">
                            <input type="checkbox" name="value[]" onchange=" $('.filter-ajax-waiting').addClass('show');$(this).closest('form').submit();" id="frm-productFilter-brandConstraintForm-value-3465" value="3465" aria-label="!Reinhold Haart (1)">
                            <label for="frm-productFilter-brandConstraintForm-value-3465">Reinhold Haart (1)</label>
                        </div>


                                                         <div class="form-row" style="display: none;">
                            <input type="checkbox" name="value[]" onchange=" $('.filter-ajax-waiting').addClass('show');$(this).closest('form').submit();" id="frm-productFilter-brandConstraintForm-value-1698" value="1698" aria-label="!Rej (1)">
                            <label for="frm-productFilter-brandConstraintForm-value-1698">Rej (1)</label>
                        </div>


                                                         <div class="form-row" style="display: none;">
                            <input type="checkbox" name="value[]" onchange=" $('.filter-ajax-waiting').addClass('show');$(this).closest('form').submit();" id="frm-productFilter-brandConstraintForm-value-386" value="386" aria-label="!Relax (10)">
                            <label for="frm-productFilter-brandConstraintForm-value-386">Relax (10)</label>
                        </div>


                                                         <div class="form-row" style="display: none;">
                            <input type="checkbox" name="value[]" onchange=" $('.filter-ajax-waiting').addClass('show');$(this).closest('form').submit();" id="frm-productFilter-brandConstraintForm-value-2304" value="2304" aria-label="!Remillons (1)">
                            <label for="frm-productFilter-brandConstraintForm-value-2304">Remillons (1)</label>
                        </div>


                                                         <div class="form-row" style="display: none;">
                            <input type="checkbox" name="value[]" onchange=" $('.filter-ajax-waiting').addClass('show');$(this).closest('form').submit();" id="frm-productFilter-brandConstraintForm-value-22" value="22" aria-label="!Reno (1)">
                            <label for="frm-productFilter-brandConstraintForm-value-22">Reno (1)</label>
                        </div>


                                                         <div class="form-row" style="display: none;">
                            <input type="checkbox" name="value[]" onchange=" $('.filter-ajax-waiting').addClass('show');$(this).closest('form').submit();" id="frm-productFilter-brandConstraintForm-value-3504" value="3504" aria-label="!Retlux (19)">
                            <label for="frm-productFilter-brandConstraintForm-value-3504">Retlux (19)</label>
                        </div>


                                                         <div class="form-row" style="display: none;">
                            <input type="checkbox" name="value[]" onchange=" $('.filter-ajax-waiting').addClass('show');$(this).closest('form').submit();" id="frm-productFilter-brandConstraintForm-value-3298" value="3298" aria-label="!Retro auta (1)">
                            <label for="frm-productFilter-brandConstraintForm-value-3298">Retro auta (1)</label>
                        </div>


                                                         <div class="form-row" style="display: none;">
                            <input type="checkbox" name="value[]" onchange=" $('.filter-ajax-waiting').addClass('show');$(this).closest('form').submit();" id="frm-productFilter-brandConstraintForm-value-1897" value="1897" aria-label="!Rex (1)">
                            <label for="frm-productFilter-brandConstraintForm-value-1897">Rex (1)</label>
                        </div>


                                                         <div class="form-row" style="display: none;">
                            <input type="checkbox" name="value[]" onchange=" $('.filter-ajax-waiting').addClass('show');$(this).closest('form').submit();" id="frm-productFilter-brandConstraintForm-value-78" value="78" aria-label="!Rexona (1)">
                            <label for="frm-productFilter-brandConstraintForm-value-78">Rexona (1)</label>
                        </div>


                                                         <div class="form-row" style="display: none;">
                            <input type="checkbox" name="value[]" onchange=" $('.filter-ajax-waiting').addClass('show');$(this).closest('form').submit();" id="frm-productFilter-brandConstraintForm-value-1958" value="1958" aria-label="!Rexona Women (1)">
                            <label for="frm-productFilter-brandConstraintForm-value-1958">Rexona Women (1)</label>
                        </div>


                                                         <div class="form-row" style="display: none;">
                            <input type="checkbox" name="value[]" onchange=" $('.filter-ajax-waiting').addClass('show');$(this).closest('form').submit();" id="frm-productFilter-brandConstraintForm-value-83" value="83" aria-label="!Ria (2)">
                            <label for="frm-productFilter-brandConstraintForm-value-83">Ria (2)</label>
                        </div>


                                                         <div class="form-row" style="display: none;">
                            <input type="checkbox" name="value[]" onchange=" $('.filter-ajax-waiting').addClass('show');$(this).closest('form').submit();" id="frm-productFilter-brandConstraintForm-value-2428" value="2428" aria-label="!Rianxeira (1)">
                            <label for="frm-productFilter-brandConstraintForm-value-2428">Rianxeira (1)</label>
                        </div>


                                                         <div class="form-row" style="display: none;">
                            <input type="checkbox" name="value[]" onchange=" $('.filter-ajax-waiting').addClass('show');$(this).closest('form').submit();" id="frm-productFilter-brandConstraintForm-value-974" value="974" aria-label="!Riemerschmid (1)">
                            <label for="frm-productFilter-brandConstraintForm-value-974">Riemerschmid (1)</label>
                        </div>


                                                         <div class="form-row" style="display: none;">
                            <input type="checkbox" name="value[]" onchange=" $('.filter-ajax-waiting').addClass('show');$(this).closest('form').submit();" id="frm-productFilter-brandConstraintForm-value-290" value="290" aria-label="!Rio Mare (18)">
                            <label for="frm-productFilter-brandConstraintForm-value-290">Rio Mare (18)</label>
                        </div>


                                                         <div class="form-row" style="display: none;">
                            <input type="checkbox" name="value[]" onchange=" $('.filter-ajax-waiting').addClass('show');$(this).closest('form').submit();" id="frm-productFilter-brandConstraintForm-value-1533" value="1533" aria-label="!Riso (1)">
                            <label for="frm-productFilter-brandConstraintForm-value-1533">Riso (1)</label>
                        </div>


                                                         <div class="form-row" style="display: none;">
                            <input type="checkbox" name="value[]" onchange=" $('.filter-ajax-waiting').addClass('show');$(this).closest('form').submit();" id="frm-productFilter-brandConstraintForm-value-2065" value="2065" aria-label="!Riso Scotti (2)">
                            <label for="frm-productFilter-brandConstraintForm-value-2065">Riso Scotti (2)</label>
                        </div>


                                                         <div class="form-row" style="display: none;">
                            <input type="checkbox" name="value[]" onchange=" $('.filter-ajax-waiting').addClass('show');$(this).closest('form').submit();" id="frm-productFilter-brandConstraintForm-value-2275" value="2275" aria-label="!Risolino (3)">
                            <label for="frm-productFilter-brandConstraintForm-value-2275">Risolino (3)</label>
                        </div>


                                                         <div class="form-row" style="display: none;">
                            <input type="checkbox" name="value[]" onchange=" $('.filter-ajax-waiting').addClass('show');$(this).closest('form').submit();" id="frm-productFilter-brandConstraintForm-value-998" value="998" aria-label="!Riva (1)">
                            <label for="frm-productFilter-brandConstraintForm-value-998">Riva (1)</label>
                        </div>


                                                         <div class="form-row" style="display: none;">
                            <input type="checkbox" name="value[]" onchange=" $('.filter-ajax-waiting').addClass('show');$(this).closest('form').submit();" id="frm-productFilter-brandConstraintForm-value-2305" value="2305" aria-label="!Roche Mazet (1)">
                            <label for="frm-productFilter-brandConstraintForm-value-2305">Roche Mazet (1)</label>
                        </div>


                                                         <div class="form-row" style="display: none;">
                            <input type="checkbox" name="value[]" onchange=" $('.filter-ajax-waiting').addClass('show');$(this).closest('form').submit();" id="frm-productFilter-brandConstraintForm-value-3454" value="3454" aria-label="!Rodinné vinařství Břeclav (3)">
                            <label for="frm-productFilter-brandConstraintForm-value-3454">Rodinné vinařství Břeclav (3)</label>
                        </div>


                                                         <div class="form-row" style="display: none;">
                            <input type="checkbox" name="value[]" onchange=" $('.filter-ajax-waiting').addClass('show');$(this).closest('form').submit();" id="frm-productFilter-brandConstraintForm-value-650" value="650" aria-label="!Ron Caney (1)">
                            <label for="frm-productFilter-brandConstraintForm-value-650">Ron Caney (1)</label>
                        </div>


                                                         <div class="form-row" style="display: none;">
                            <input type="checkbox" name="value[]" onchange=" $('.filter-ajax-waiting').addClass('show');$(this).closest('form').submit();" id="frm-productFilter-brandConstraintForm-value-2701" value="2701" aria-label="!Ronnefeldt (2)">
                            <label for="frm-productFilter-brandConstraintForm-value-2701">Ronnefeldt (2)</label>
                        </div>


                                                         <div class="form-row" style="display: none;">
                            <input type="checkbox" name="value[]" onchange=" $('.filter-ajax-waiting').addClass('show');$(this).closest('form').submit();" id="frm-productFilter-brandConstraintForm-value-490" value="490" aria-label="!Rossijskoe Igristoe (1)">
                            <label for="frm-productFilter-brandConstraintForm-value-490">Rossijskoe Igristoe (1)</label>
                        </div>


                                                         <div class="form-row" style="display: none;">
                            <input type="checkbox" name="value[]" onchange=" $('.filter-ajax-waiting').addClass('show');$(this).closest('form').submit();" id="frm-productFilter-brandConstraintForm-value-2478" value="2478" aria-label="!Rotkäppchen (4)">
                            <label for="frm-productFilter-brandConstraintForm-value-2478">Rotkäppchen (4)</label>
                        </div>


                                                         <div class="form-row" style="display: none;">
                            <input type="checkbox" name="value[]" onchange=" $('.filter-ajax-waiting').addClass('show');$(this).closest('form').submit();" id="frm-productFilter-brandConstraintForm-value-2787" value="2787" aria-label="!Roullet (1)">
                            <label for="frm-productFilter-brandConstraintForm-value-2787">Roullet (1)</label>
                        </div>


                                                         <div class="form-row" style="display: none;">
                            <input type="checkbox" name="value[]" onchange=" $('.filter-ajax-waiting').addClass('show');$(this).closest('form').submit();" id="frm-productFilter-brandConstraintForm-value-558" value="558" aria-label="!Royal (3)">
                            <label for="frm-productFilter-brandConstraintForm-value-558">Royal (3)</label>
                        </div>


                                                         <div class="form-row" style="display: none;">
                            <input type="checkbox" name="value[]" onchange=" $('.filter-ajax-waiting').addClass('show');$(this).closest('form').submit();" id="frm-productFilter-brandConstraintForm-value-2323" value="2323" aria-label="!Royal Canin (7)">
                            <label for="frm-productFilter-brandConstraintForm-value-2323">Royal Canin (7)</label>
                        </div>


                                                         <div class="form-row" style="display: none;">
                            <input type="checkbox" name="value[]" onchange=" $('.filter-ajax-waiting').addClass('show');$(this).closest('form').submit();" id="frm-productFilter-brandConstraintForm-value-552" value="552" aria-label="!Royal Oporto (1)">
                            <label for="frm-productFilter-brandConstraintForm-value-552">Royal Oporto (1)</label>
                        </div>


                                                         <div class="form-row" style="display: none;">
                            <input type="checkbox" name="value[]" onchange=" $('.filter-ajax-waiting').addClass('show');$(this).closest('form').submit();" id="frm-productFilter-brandConstraintForm-value-2983" value="2983" aria-label="!Russian Crown (1)">
                            <label for="frm-productFilter-brandConstraintForm-value-2983">Russian Crown (1)</label>
                        </div>


                                                         <div class="form-row" style="display: none;">
                            <input type="checkbox" name="value[]" onchange=" $('.filter-ajax-waiting').addClass('show');$(this).closest('form').submit();" id="frm-productFilter-brandConstraintForm-value-525" value="525" aria-label="!Russian Standard (1)">
                            <label for="frm-productFilter-brandConstraintForm-value-525">Russian Standard (1)</label>
                        </div>


                                                         <div class="form-row" style="display: none;">
                            <input type="checkbox" name="value[]" onchange=" $('.filter-ajax-waiting').addClass('show');$(this).closest('form').submit();" id="frm-productFilter-brandConstraintForm-value-796" value="796" aria-label="!Rybářství Chlumec (2)">
                            <label for="frm-productFilter-brandConstraintForm-value-796">Rybářství Chlumec (2)</label>
                        </div>


                                                         <div class="form-row" style="display: none;">
                            <input type="checkbox" name="value[]" onchange=" $('.filter-ajax-waiting').addClass('show');$(this).closest('form').submit();" id="frm-productFilter-brandConstraintForm-value-3470" value="3470" aria-label="!Ryor (1)">
                            <label for="frm-productFilter-brandConstraintForm-value-3470">Ryor (1)</label>
                        </div>


                                                         <div class="form-row" style="display: none;">
                            <input type="checkbox" name="value[]" onchange=" $('.filter-ajax-waiting').addClass('show');$(this).closest('form').submit();" id="frm-productFilter-brandConstraintForm-value-497" value="497" aria-label="!Rémy Martin (1)">
                            <label for="frm-productFilter-brandConstraintForm-value-497">Rémy Martin (1)</label>
                        </div>


                                                         <div class="form-row" style="display: none;">
                            <input type="checkbox" name="value[]" onchange=" $('.filter-ajax-waiting').addClass('show');$(this).closest('form').submit();" id="frm-productFilter-brandConstraintForm-value-212" value="212" aria-label="!SFINX (1)">
                            <label for="frm-productFilter-brandConstraintForm-value-212">SFINX (1)</label>
                        </div>


                                                         <div class="form-row" style="display: none;">
                            <input type="checkbox" name="value[]" onchange=" $('.filter-ajax-waiting').addClass('show');$(this).closest('form').submit();" id="frm-productFilter-brandConstraintForm-value-1552" value="1552" aria-label="!SOS (1)">
                            <label for="frm-productFilter-brandConstraintForm-value-1552">SOS (1)</label>
                        </div>


                                                         <div class="form-row" style="display: none;">
                            <input type="checkbox" name="value[]" onchange=" $('.filter-ajax-waiting').addClass('show');$(this).closest('form').submit();" id="frm-productFilter-brandConstraintForm-value-3359" value="3359" aria-label="!STR8 (25)">
                            <label for="frm-productFilter-brandConstraintForm-value-3359">STR8 (25)</label>
                        </div>


                                                         <div class="form-row" style="display: none;">
                            <input type="checkbox" name="value[]" onchange=" $('.filter-ajax-waiting').addClass('show');$(this).closest('form').submit();" id="frm-productFilter-brandConstraintForm-value-3552" value="3552" aria-label="!Sailor Jerry (1)">
                            <label for="frm-productFilter-brandConstraintForm-value-3552">Sailor Jerry (1)</label>
                        </div>


                                                         <div class="form-row" style="display: none;">
                            <input type="checkbox" name="value[]" onchange=" $('.filter-ajax-waiting').addClass('show');$(this).closest('form').submit();" id="frm-productFilter-brandConstraintForm-value-944" value="944" aria-label="!Sam Mills (1)">
                            <label for="frm-productFilter-brandConstraintForm-value-944">Sam Mills (1)</label>
                        </div>


                                                         <div class="form-row" style="display: none;">
                            <input type="checkbox" name="value[]" onchange=" $('.filter-ajax-waiting').addClass('show');$(this).closest('form').submit();" id="frm-productFilter-brandConstraintForm-value-1234" value="1234" aria-label="!Samson (1)">
                            <label for="frm-productFilter-brandConstraintForm-value-1234">Samson (1)</label>
                        </div>


                                                         <div class="form-row" style="display: none;">
                            <input type="checkbox" name="value[]" onchange=" $('.filter-ajax-waiting').addClass('show');$(this).closest('form').submit();" id="frm-productFilter-brandConstraintForm-value-553" value="553" aria-label="!Sandeman (1)">
                            <label for="frm-productFilter-brandConstraintForm-value-553">Sandeman (1)</label>
                        </div>


                                                         <div class="form-row" style="display: none;">
                            <input type="checkbox" name="value[]" onchange=" $('.filter-ajax-waiting').addClass('show');$(this).closest('form').submit();" id="frm-productFilter-brandConstraintForm-value-3536" value="3536" aria-label="!Sanpareil (1)">
                            <label for="frm-productFilter-brandConstraintForm-value-3536">Sanpareil (1)</label>
                        </div>


                                                         <div class="form-row" style="display: none;">
                            <input type="checkbox" name="value[]" onchange=" $('.filter-ajax-waiting').addClass('show');$(this).closest('form').submit();" id="frm-productFilter-brandConstraintForm-value-2447" value="2447" aria-label="!Santa Helena (3)">
                            <label for="frm-productFilter-brandConstraintForm-value-2447">Santa Helena (3)</label>
                        </div>


                                                         <div class="form-row" style="display: none;">
                            <input type="checkbox" name="value[]" onchange=" $('.filter-ajax-waiting').addClass('show');$(this).closest('form').submit();" id="frm-productFilter-brandConstraintForm-value-2716" value="2716" aria-label="!Santero (1)">
                            <label for="frm-productFilter-brandConstraintForm-value-2716">Santero (1)</label>
                        </div>


                                                         <div class="form-row" style="display: none;">
                            <input type="checkbox" name="value[]" onchange=" $('.filter-ajax-waiting').addClass('show');$(this).closest('form').submit();" id="frm-productFilter-brandConstraintForm-value-1472" value="1472" aria-label="!Sanytol (4)">
                            <label for="frm-productFilter-brandConstraintForm-value-1472">Sanytol (4)</label>
                        </div>


                                                         <div class="form-row" style="display: none;">
                            <input type="checkbox" name="value[]" onchange=" $('.filter-ajax-waiting').addClass('show');$(this).closest('form').submit();" id="frm-productFilter-brandConstraintForm-value-3438" value="3438" aria-label="!Sauza (1)">
                            <label for="frm-productFilter-brandConstraintForm-value-3438">Sauza (1)</label>
                        </div>


                                                         <div class="form-row" style="display: none;">
                            <input type="checkbox" name="value[]" onchange=" $('.filter-ajax-waiting').addClass('show');$(this).closest('form').submit();" id="frm-productFilter-brandConstraintForm-value-3574" value="3574" aria-label="!Saveurs du midi (2)">
                            <label for="frm-productFilter-brandConstraintForm-value-3574">Saveurs du midi (2)</label>
                        </div>


                                                         <div class="form-row" style="display: none;">
                            <input type="checkbox" name="value[]" onchange=" $('.filter-ajax-waiting').addClass('show');$(this).closest('form').submit();" id="frm-productFilter-brandConstraintForm-value-62" value="62" aria-label="!Schauma (5)">
                            <label for="frm-productFilter-brandConstraintForm-value-62">Schauma (5)</label>
                        </div>


                                                         <div class="form-row" style="display: none;">
                            <input type="checkbox" name="value[]" onchange=" $('.filter-ajax-waiting').addClass('show');$(this).closest('form').submit();" id="frm-productFilter-brandConstraintForm-value-3455" value="3455" aria-label="!Schloss Lieser (1)">
                            <label for="frm-productFilter-brandConstraintForm-value-3455">Schloss Lieser (1)</label>
                        </div>


                                                         <div class="form-row" style="display: none;">
                            <input type="checkbox" name="value[]" onchange=" $('.filter-ajax-waiting').addClass('show');$(this).closest('form').submit();" id="frm-productFilter-brandConstraintForm-value-2406" value="2406" aria-label="!Schlürf (2)">
                            <label for="frm-productFilter-brandConstraintForm-value-2406">Schlürf (2)</label>
                        </div>


                                                         <div class="form-row" style="display: none;">
                            <input type="checkbox" name="value[]" onchange=" $('.filter-ajax-waiting').addClass('show');$(this).closest('form').submit();" id="frm-productFilter-brandConstraintForm-value-2404" value="2404" aria-label="!Schlürf Rasmus (1)">
                            <label for="frm-productFilter-brandConstraintForm-value-2404">Schlürf Rasmus (1)</label>
                        </div>


                                                         <div class="form-row" style="display: none;">
                            <input type="checkbox" name="value[]" onchange=" $('.filter-ajax-waiting').addClass('show');$(this).closest('form').submit();" id="frm-productFilter-brandConstraintForm-value-1945" value="1945" aria-label="!Scholl (4)">
                            <label for="frm-productFilter-brandConstraintForm-value-1945">Scholl (4)</label>
                        </div>


                                                         <div class="form-row" style="display: none;">
                            <input type="checkbox" name="value[]" onchange=" $('.filter-ajax-waiting').addClass('show');$(this).closest('form').submit();" id="frm-productFilter-brandConstraintForm-value-2590" value="2590" aria-label="!Schwarzkopf (7)">
                            <label for="frm-productFilter-brandConstraintForm-value-2590">Schwarzkopf (7)</label>
                        </div>


                                                         <div class="form-row" style="display: none;">
                            <input type="checkbox" name="value[]" onchange=" $('.filter-ajax-waiting').addClass('show');$(this).closest('form').submit();" id="frm-productFilter-brandConstraintForm-value-421" value="421" aria-label="!Schweppes (5)">
                            <label for="frm-productFilter-brandConstraintForm-value-421">Schweppes (5)</label>
                        </div>


                                                         <div class="form-row" style="display: none;">
                            <input type="checkbox" name="value[]" onchange=" $('.filter-ajax-waiting').addClass('show');$(this).closest('form').submit();" id="frm-productFilter-brandConstraintForm-value-3108" value="3108" aria-label="!Sebamed (10)">
                            <label for="frm-productFilter-brandConstraintForm-value-3108">Sebamed (10)</label>
                        </div>


                                                         <div class="form-row" style="display: none;">
                            <input type="checkbox" name="value[]" onchange=" $('.filter-ajax-waiting').addClass('show');$(this).closest('form').submit();" id="frm-productFilter-brandConstraintForm-value-1864" value="1864" aria-label="!Sebamed Baby (1)">
                            <label for="frm-productFilter-brandConstraintForm-value-1864">Sebamed Baby (1)</label>
                        </div>


                                                         <div class="form-row" style="display: none;">
                            <input type="checkbox" name="value[]" onchange=" $('.filter-ajax-waiting').addClass('show');$(this).closest('form').submit();" id="frm-productFilter-brandConstraintForm-value-230" value="230" aria-label="!Sedita (3)">
                            <label for="frm-productFilter-brandConstraintForm-value-230">Sedita (3)</label>
                        </div>


                                                         <div class="form-row" style="display: none;">
                            <input type="checkbox" name="value[]" onchange=" $('.filter-ajax-waiting').addClass('show');$(this).closest('form').submit();" id="frm-productFilter-brandConstraintForm-value-145" value="145" aria-label="!Sedlčanský (1)">
                            <label for="frm-productFilter-brandConstraintForm-value-145">Sedlčanský (1)</label>
                        </div>


                                                         <div class="form-row" style="display: none;">
                            <input type="checkbox" name="value[]" onchange=" $('.filter-ajax-waiting').addClass('show');$(this).closest('form').submit();" id="frm-productFilter-brandConstraintForm-value-2366" value="2366" aria-label="!Seed and Bean (5)">
                            <label for="frm-productFilter-brandConstraintForm-value-2366">Seed and Bean (5)</label>
                        </div>


                                                         <div class="form-row" style="display: none;">
                            <input type="checkbox" name="value[]" onchange=" $('.filter-ajax-waiting').addClass('show');$(this).closest('form').submit();" id="frm-productFilter-brandConstraintForm-value-3344" value="3344" aria-label="!Sefiros (3)">
                            <label for="frm-productFilter-brandConstraintForm-value-3344">Sefiros (3)</label>
                        </div>


                                                         <div class="form-row" style="display: none;">
                            <input type="checkbox" name="value[]" onchange=" $('.filter-ajax-waiting').addClass('show');$(this).closest('form').submit();" id="frm-productFilter-brandConstraintForm-value-3215" value="3215" aria-label="!Seitz (1)">
                            <label for="frm-productFilter-brandConstraintForm-value-3215">Seitz (1)</label>
                        </div>


                                                         <div class="form-row" style="display: none;">
                            <input type="checkbox" name="value[]" onchange=" $('.filter-ajax-waiting').addClass('show');$(this).closest('form').submit();" id="frm-productFilter-brandConstraintForm-value-2043" value="2043" aria-label="!Seliko (1)">
                            <label for="frm-productFilter-brandConstraintForm-value-2043">Seliko (1)</label>
                        </div>


                                                         <div class="form-row" style="display: none;">
                            <input type="checkbox" name="value[]" onchange=" $('.filter-ajax-waiting').addClass('show');$(this).closest('form').submit();" id="frm-productFilter-brandConstraintForm-value-2814" value="2814" aria-label="!Semo (10)">
                            <label for="frm-productFilter-brandConstraintForm-value-2814">Semo (10)</label>
                        </div>


                                                         <div class="form-row" style="display: none;">
                            <input type="checkbox" name="value[]" onchange=" $('.filter-ajax-waiting').addClass('show');$(this).closest('form').submit();" id="frm-productFilter-brandConstraintForm-value-1478" value="1478" aria-label="!Sensodyne (3)">
                            <label for="frm-productFilter-brandConstraintForm-value-1478">Sensodyne (3)</label>
                        </div>


                                                         <div class="form-row" style="display: none;">
                            <input type="checkbox" name="value[]" onchange=" $('.filter-ajax-waiting').addClass('show');$(this).closest('form').submit();" id="frm-productFilter-brandConstraintForm-value-279" value="279" aria-label="!Seville Premium (6)">
                            <label for="frm-productFilter-brandConstraintForm-value-279">Seville Premium (6)</label>
                        </div>


                                                         <div class="form-row" style="display: none;">
                            <input type="checkbox" name="value[]" onchange=" $('.filter-ajax-waiting').addClass('show');$(this).closest('form').submit();" id="frm-productFilter-brandConstraintForm-value-3057" value="3057" aria-label="!Shake-It (1)">
                            <label for="frm-productFilter-brandConstraintForm-value-3057">Shake-It (1)</label>
                        </div>


                                                         <div class="form-row" style="display: none;">
                            <input type="checkbox" name="value[]" onchange=" $('.filter-ajax-waiting').addClass('show');$(this).closest('form').submit();" id="frm-productFilter-brandConstraintForm-value-1598" value="1598" aria-label="!Sheba (12)">
                            <label for="frm-productFilter-brandConstraintForm-value-1598">Sheba (12)</label>
                        </div>


                                                         <div class="form-row" style="display: none;">
                            <input type="checkbox" name="value[]" onchange=" $('.filter-ajax-waiting').addClass('show');$(this).closest('form').submit();" id="frm-productFilter-brandConstraintForm-value-3437" value="3437" aria-label="!Sierra Milenario (1)">
                            <label for="frm-productFilter-brandConstraintForm-value-3437">Sierra Milenario (1)</label>
                        </div>


                            <div class="form-row">
                            <input type="checkbox" name="value[]" onchange=" $('.filter-ajax-waiting').addClass('show');$(this).closest('form').submit();" id="frm-productFilter-brandConstraintForm-value-2519" value="2519" aria-label="!Sigma (43)">
                            <label for="frm-productFilter-brandConstraintForm-value-2519">Sigma (43)</label>
                        </div>


                                                         <div class="form-row" style="display: none;">
                            <input type="checkbox" name="value[]" onchange=" $('.filter-ajax-waiting').addClass('show');$(this).closest('form').submit();" id="frm-productFilter-brandConstraintForm-value-74" value="74" aria-label="!Signal (7)">
                            <label for="frm-productFilter-brandConstraintForm-value-74">Signal (7)</label>
                        </div>


                                                         <div class="form-row" style="display: none;">
                            <input type="checkbox" name="value[]" onchange=" $('.filter-ajax-waiting').addClass('show');$(this).closest('form').submit();" id="frm-productFilter-brandConstraintForm-value-3573" value="3573" aria-label="!Silverboom (1)">
                            <label for="frm-productFilter-brandConstraintForm-value-3573">Silverboom (1)</label>
                        </div>


                                                         <div class="form-row" style="display: none;">
                            <input type="checkbox" name="value[]" onchange=" $('.filter-ajax-waiting').addClass('show');$(this).closest('form').submit();" id="frm-productFilter-brandConstraintForm-value-2993" value="2993" aria-label="!Simply raw (1)">
                            <label for="frm-productFilter-brandConstraintForm-value-2993">Simply raw (1)</label>
                        </div>


                                                         <div class="form-row" style="display: none;">
                            <input type="checkbox" name="value[]" onchange=" $('.filter-ajax-waiting').addClass('show');$(this).closest('form').submit();" id="frm-productFilter-brandConstraintForm-value-2236" value="2236" aria-label="!Sklizeno (3)">
                            <label for="frm-productFilter-brandConstraintForm-value-2236">Sklizeno (3)</label>
                        </div>


                                                         <div class="form-row" style="display: none;">
                            <input type="checkbox" name="value[]" onchange=" $('.filter-ajax-waiting').addClass('show');$(this).closest('form').submit();" id="frm-productFilter-brandConstraintForm-value-2462" value="2462" aria-label="!Smac (3)">
                            <label for="frm-productFilter-brandConstraintForm-value-2462">Smac (3)</label>
                        </div>


                                                         <div class="form-row" style="display: none;">
                            <input type="checkbox" name="value[]" onchange=" $('.filter-ajax-waiting').addClass('show');$(this).closest('form').submit();" id="frm-productFilter-brandConstraintForm-value-3292" value="3292" aria-label="!Smile Baby (1)">
                            <label for="frm-productFilter-brandConstraintForm-value-3292">Smile Baby (1)</label>
                        </div>


                                                         <div class="form-row" style="display: none;">
                            <input type="checkbox" name="value[]" onchange=" $('.filter-ajax-waiting').addClass('show');$(this).closest('form').submit();" id="frm-productFilter-brandConstraintForm-value-578" value="578" aria-label="!Smirnoff (1)">
                            <label for="frm-productFilter-brandConstraintForm-value-578">Smirnoff (1)</label>
                        </div>


                                                         <div class="form-row" style="display: none;">
                            <input type="checkbox" name="value[]" onchange=" $('.filter-ajax-waiting').addClass('show');$(this).closest('form').submit();" id="frm-productFilter-brandConstraintForm-value-2136" value="2136" aria-label="!Snadné Vaření (1)">
                            <label for="frm-productFilter-brandConstraintForm-value-2136">Snadné Vaření (1)</label>
                        </div>


                                                         <div class="form-row" style="display: none;">
                            <input type="checkbox" name="value[]" onchange=" $('.filter-ajax-waiting').addClass('show');$(this).closest('form').submit();" id="frm-productFilter-brandConstraintForm-value-3555" value="3555" aria-label="!Snails day (4)">
                            <label for="frm-productFilter-brandConstraintForm-value-3555">Snails day (4)</label>
                        </div>


                                                         <div class="form-row" style="display: none;">
                            <input type="checkbox" name="value[]" onchange=" $('.filter-ajax-waiting').addClass('show');$(this).closest('form').submit();" id="frm-productFilter-brandConstraintForm-value-2639" value="2639" aria-label="!Snopake (1)">
                            <label for="frm-productFilter-brandConstraintForm-value-2639">Snopake (1)</label>
                        </div>


                                                         <div class="form-row" style="display: none;">
                            <input type="checkbox" name="value[]" onchange=" $('.filter-ajax-waiting').addClass('show');$(this).closest('form').submit();" id="frm-productFilter-brandConstraintForm-value-2283" value="2283" aria-label="!Soleiro (1)">
                            <label for="frm-productFilter-brandConstraintForm-value-2283">Soleiro (1)</label>
                        </div>


                                                         <div class="form-row" style="display: none;">
                            <input type="checkbox" name="value[]" onchange=" $('.filter-ajax-waiting').addClass('show');$(this).closest('form').submit();" id="frm-productFilter-brandConstraintForm-value-297" value="297" aria-label="!Solsanka (1)">
                            <label for="frm-productFilter-brandConstraintForm-value-297">Solsanka (1)</label>
                        </div>


                                                         <div class="form-row" style="display: none;">
                            <input type="checkbox" name="value[]" onchange=" $('.filter-ajax-waiting').addClass('show');$(this).closest('form').submit();" id="frm-productFilter-brandConstraintForm-value-33" value="33" aria-label="!Somat (20)">
                            <label for="frm-productFilter-brandConstraintForm-value-33">Somat (20)</label>
                        </div>


                                                         <div class="form-row" style="display: none;">
                            <input type="checkbox" name="value[]" onchange=" $('.filter-ajax-waiting').addClass('show');$(this).closest('form').submit();" id="frm-productFilter-brandConstraintForm-value-1730" value="1730" aria-label="!Sombrero (2)">
                            <label for="frm-productFilter-brandConstraintForm-value-1730">Sombrero (2)</label>
                        </div>


                                                         <div class="form-row" style="display: none;">
                            <input type="checkbox" name="value[]" onchange=" $('.filter-ajax-waiting').addClass('show');$(this).closest('form').submit();" id="frm-productFilter-brandConstraintForm-value-460" value="460" aria-label="!Somersby (2)">
                            <label for="frm-productFilter-brandConstraintForm-value-460">Somersby (2)</label>
                        </div>


                                                         <div class="form-row" style="display: none;">
                            <input type="checkbox" name="value[]" onchange=" $('.filter-ajax-waiting').addClass('show');$(this).closest('form').submit();" id="frm-productFilter-brandConstraintForm-value-2620" value="2620" aria-label="!Sorini (4)">
                            <label for="frm-productFilter-brandConstraintForm-value-2620">Sorini (4)</label>
                        </div>


                                                         <div class="form-row" style="display: none;">
                            <input type="checkbox" name="value[]" onchange=" $('.filter-ajax-waiting').addClass('show');$(this).closest('form').submit();" id="frm-productFilter-brandConstraintForm-value-467" value="467" aria-label="!Sovín (7)">
                            <label for="frm-productFilter-brandConstraintForm-value-467">Sovín (7)</label>
                        </div>


                                                         <div class="form-row" style="display: none;">
                            <input type="checkbox" name="value[]" onchange=" $('.filter-ajax-waiting').addClass('show');$(this).closest('form').submit();" id="frm-productFilter-brandConstraintForm-value-137" value="137" aria-label="!Spak (4)">
                            <label for="frm-productFilter-brandConstraintForm-value-137">Spak (4)</label>
                        </div>


                                                         <div class="form-row" style="display: none;">
                            <input type="checkbox" name="value[]" onchange=" $('.filter-ajax-waiting').addClass('show');$(this).closest('form').submit();" id="frm-productFilter-brandConstraintForm-value-763" value="763" aria-label="!Spokar (1)">
                            <label for="frm-productFilter-brandConstraintForm-value-763">Spokar (1)</label>
                        </div>


                                                         <div class="form-row" style="display: none;">
                            <input type="checkbox" name="value[]" onchange=" $('.filter-ajax-waiting').addClass('show');$(this).closest('form').submit();" id="frm-productFilter-brandConstraintForm-value-34" value="34" aria-label="!Spontex (1)">
                            <label for="frm-productFilter-brandConstraintForm-value-34">Spontex (1)</label>
                        </div>


                                                         <div class="form-row" style="display: none;">
                            <input type="checkbox" name="value[]" onchange=" $('.filter-ajax-waiting').addClass('show');$(this).closest('form').submit();" id="frm-productFilter-brandConstraintForm-value-416" value="416" aria-label="!Sprite (3)">
                            <label for="frm-productFilter-brandConstraintForm-value-416">Sprite (3)</label>
                        </div>


                                                         <div class="form-row" style="display: none;">
                            <input type="checkbox" name="value[]" onchange=" $('.filter-ajax-waiting').addClass('show');$(this).closest('form').submit();" id="frm-productFilter-brandConstraintForm-value-559" value="559" aria-label="!Squash (4)">
                            <label for="frm-productFilter-brandConstraintForm-value-559">Squash (4)</label>
                        </div>


                                                         <div class="form-row" style="display: none;">
                            <input type="checkbox" name="value[]" onchange=" $('.filter-ajax-waiting').addClass('show');$(this).closest('form').submit();" id="frm-productFilter-brandConstraintForm-value-2411" value="2411" aria-label="!St. Dalfour (1)">
                            <label for="frm-productFilter-brandConstraintForm-value-2411">St. Dalfour (1)</label>
                        </div>


                                                         <div class="form-row" style="display: none;">
                            <input type="checkbox" name="value[]" onchange=" $('.filter-ajax-waiting').addClass('show');$(this).closest('form').submit();" id="frm-productFilter-brandConstraintForm-value-2698" value="2698" aria-label="!St. Michel (4)">
                            <label for="frm-productFilter-brandConstraintForm-value-2698">St. Michel (4)</label>
                        </div>


                                                         <div class="form-row" style="display: none;">
                            <input type="checkbox" name="value[]" onchange=" $('.filter-ajax-waiting').addClass('show');$(this).closest('form').submit();" id="frm-productFilter-brandConstraintForm-value-512" value="512" aria-label="!St. Nicolaus (8)">
                            <label for="frm-productFilter-brandConstraintForm-value-512">St. Nicolaus (8)</label>
                        </div>


                                                         <div class="form-row" style="display: none;">
                            <input type="checkbox" name="value[]" onchange=" $('.filter-ajax-waiting').addClass('show');$(this).closest('form').submit();" id="frm-productFilter-brandConstraintForm-value-3056" value="3056" aria-label="!Star Wars (1)">
                            <label for="frm-productFilter-brandConstraintForm-value-3056">Star Wars (1)</label>
                        </div>


                                                         <div class="form-row" style="display: none;">
                            <input type="checkbox" name="value[]" onchange=" $('.filter-ajax-waiting').addClass('show');$(this).closest('form').submit();" id="frm-productFilter-brandConstraintForm-value-2348" value="2348" aria-label="!Starobrno (1)">
                            <label for="frm-productFilter-brandConstraintForm-value-2348">Starobrno (1)</label>
                        </div>


                                                         <div class="form-row" style="display: none;">
                            <input type="checkbox" name="value[]" onchange=" $('.filter-ajax-waiting').addClass('show');$(this).closest('form').submit();" id="frm-productFilter-brandConstraintForm-value-3033" value="3033" aria-label="!Starorežná (1)">
                            <label for="frm-productFilter-brandConstraintForm-value-3033">Starorežná (1)</label>
                        </div>


                                                         <div class="form-row" style="display: none;">
                            <input type="checkbox" name="value[]" onchange=" $('.filter-ajax-waiting').addClass('show');$(this).closest('form').submit();" id="frm-productFilter-brandConstraintForm-value-498" value="498" aria-label="!Stará Myslivecká (1)">
                            <label for="frm-productFilter-brandConstraintForm-value-498">Stará Myslivecká (1)</label>
                        </div>


                                                         <div class="form-row" style="display: none;">
                            <input type="checkbox" name="value[]" onchange=" $('.filter-ajax-waiting').addClass('show');$(this).closest('form').submit();" id="frm-productFilter-brandConstraintForm-value-1363" value="1363" aria-label="!Steinhauser (1)">
                            <label for="frm-productFilter-brandConstraintForm-value-1363">Steinhauser (1)</label>
                        </div>


                                                         <div class="form-row" style="display: none;">
                            <input type="checkbox" name="value[]" onchange=" $('.filter-ajax-waiting').addClass('show');$(this).closest('form').submit();" id="frm-productFilter-brandConstraintForm-value-914" value="914" aria-label="!Stevia (1)">
                            <label for="frm-productFilter-brandConstraintForm-value-914">Stevia (1)</label>
                        </div>


                                                         <div class="form-row" style="display: none;">
                            <input type="checkbox" name="value[]" onchange=" $('.filter-ajax-waiting').addClass('show');$(this).closest('form').submit();" id="frm-productFilter-brandConstraintForm-value-499" value="499" aria-label="!Stock (7)">
                            <label for="frm-productFilter-brandConstraintForm-value-499">Stock (7)</label>
                        </div>


                                                         <div class="form-row" style="display: none;">
                            <input type="checkbox" name="value[]" onchange=" $('.filter-ajax-waiting').addClass('show');$(this).closest('form').submit();" id="frm-productFilter-brandConstraintForm-value-2875" value="2875" aria-label="!Stolwijkse (1)">
                            <label for="frm-productFilter-brandConstraintForm-value-2875">Stolwijkse (1)</label>
                        </div>


                                                         <div class="form-row" style="display: none;">
                            <input type="checkbox" name="value[]" onchange=" $('.filter-ajax-waiting').addClass('show');$(this).closest('form').submit();" id="frm-productFilter-brandConstraintForm-value-2884" value="2884" aria-label="!Stone (1)">
                            <label for="frm-productFilter-brandConstraintForm-value-2884">Stone (1)</label>
                        </div>


                                                         <div class="form-row" style="display: none;">
                            <input type="checkbox" name="value[]" onchange=" $('.filter-ajax-waiting').addClass('show');$(this).closest('form').submit();" id="frm-productFilter-brandConstraintForm-value-1524" value="1524" aria-label="!Storck (1)">
                            <label for="frm-productFilter-brandConstraintForm-value-1524">Storck (1)</label>
                        </div>


                                                         <div class="form-row" style="display: none;">
                            <input type="checkbox" name="value[]" onchange=" $('.filter-ajax-waiting').addClass('show');$(this).closest('form').submit();" id="frm-productFilter-brandConstraintForm-value-2703" value="2703" aria-label="!Strassen (1)">
                            <label for="frm-productFilter-brandConstraintForm-value-2703">Strassen (1)</label>
                        </div>


                                                         <div class="form-row" style="display: none;">
                            <input type="checkbox" name="value[]" onchange=" $('.filter-ajax-waiting').addClass('show');$(this).closest('form').submit();" id="frm-productFilter-brandConstraintForm-value-3473" value="3473" aria-label="!Strep (1)">
                            <label for="frm-productFilter-brandConstraintForm-value-3473">Strep (1)</label>
                        </div>


                                                         <div class="form-row" style="display: none;">
                            <input type="checkbox" name="value[]" onchange=" $('.filter-ajax-waiting').addClass('show');$(this).closest('form').submit();" id="frm-productFilter-brandConstraintForm-value-1705" value="1705" aria-label="!Strongbow (16)">
                            <label for="frm-productFilter-brandConstraintForm-value-1705">Strongbow (16)</label>
                        </div>


                                                         <div class="form-row" style="display: none;">
                            <input type="checkbox" name="value[]" onchange=" $('.filter-ajax-waiting').addClass('show');$(this).closest('form').submit();" id="frm-productFilter-brandConstraintForm-value-2130" value="2130" aria-label="!Sun &amp; Sea (2)">
                            <label for="frm-productFilter-brandConstraintForm-value-2130">Sun &amp; Sea (2)</label>
                        </div>


                                                         <div class="form-row" style="display: none;">
                            <input type="checkbox" name="value[]" onchange=" $('.filter-ajax-waiting').addClass('show');$(this).closest('form').submit();" id="frm-productFilter-brandConstraintForm-value-2799" value="2799" aria-label="!Sun &amp; Seed (1)">
                            <label for="frm-productFilter-brandConstraintForm-value-2799">Sun &amp; Seed (1)</label>
                        </div>


                                                         <div class="form-row" style="display: none;">
                            <input type="checkbox" name="value[]" onchange=" $('.filter-ajax-waiting').addClass('show');$(this).closest('form').submit();" id="frm-productFilter-brandConstraintForm-value-1" value="1" aria-label="!Sunar (5)">
                            <label for="frm-productFilter-brandConstraintForm-value-1">Sunar (5)</label>
                        </div>


                                                         <div class="form-row" style="display: none;">
                            <input type="checkbox" name="value[]" onchange=" $('.filter-ajax-waiting').addClass('show');$(this).closest('form').submit();" id="frm-productFilter-brandConstraintForm-value-2772" value="2772" aria-label="!Sunlight (4)">
                            <label for="frm-productFilter-brandConstraintForm-value-2772">Sunlight (4)</label>
                        </div>


                                                         <div class="form-row" style="display: none;">
                            <input type="checkbox" name="value[]" onchange=" $('.filter-ajax-waiting').addClass('show');$(this).closest('form').submit();" id="frm-productFilter-brandConstraintForm-value-1462" value="1462" aria-label="!Sunárek (5)">
                            <label for="frm-productFilter-brandConstraintForm-value-1462">Sunárek (5)</label>
                        </div>


                                                         <div class="form-row" style="display: none;">
                            <input type="checkbox" name="value[]" onchange=" $('.filter-ajax-waiting').addClass('show');$(this).closest('form').submit();" id="frm-productFilter-brandConstraintForm-value-2887" value="2887" aria-label="!Superfoods (3)">
                            <label for="frm-productFilter-brandConstraintForm-value-2887">Superfoods (3)</label>
                        </div>


                                                         <div class="form-row" style="display: none;">
                            <input type="checkbox" name="value[]" onchange=" $('.filter-ajax-waiting').addClass('show');$(this).closest('form').submit();" id="frm-productFilter-brandConstraintForm-value-3318" value="3318" aria-label="!Superfresh (1)">
                            <label for="frm-productFilter-brandConstraintForm-value-3318">Superfresh (1)</label>
                        </div>


                                                         <div class="form-row" style="display: none;">
                            <input type="checkbox" name="value[]" onchange=" $('.filter-ajax-waiting').addClass('show');$(this).closest('form').submit();" id="frm-productFilter-brandConstraintForm-value-2378" value="2378" aria-label="!Surf (17)">
                            <label for="frm-productFilter-brandConstraintForm-value-2378">Surf (17)</label>
                        </div>


                                                         <div class="form-row" style="display: none;">
                            <input type="checkbox" name="value[]" onchange=" $('.filter-ajax-waiting').addClass('show');$(this).closest('form').submit();" id="frm-productFilter-brandConstraintForm-value-2219" value="2219" aria-label="!Syfany (1)">
                            <label for="frm-productFilter-brandConstraintForm-value-2219">Syfany (1)</label>
                        </div>


                                                         <div class="form-row" style="display: none;">
                            <input type="checkbox" name="value[]" onchange=" $('.filter-ajax-waiting').addClass('show');$(this).closest('form').submit();" id="frm-productFilter-brandConstraintForm-value-1565" value="1565" aria-label="!Syoss (7)">
                            <label for="frm-productFilter-brandConstraintForm-value-1565">Syoss (7)</label>
                        </div>


                                                         <div class="form-row" style="display: none;">
                            <input type="checkbox" name="value[]" onchange=" $('.filter-ajax-waiting').addClass('show');$(this).closest('form').submit();" id="frm-productFilter-brandConstraintForm-value-2380" value="2380" aria-label="!T&amp;G (7)">
                            <label for="frm-productFilter-brandConstraintForm-value-2380">T&amp;G (7)</label>
                        </div>


                                                         <div class="form-row" style="display: none;">
                            <input type="checkbox" name="value[]" onchange=" $('.filter-ajax-waiting').addClass('show');$(this).closest('form').submit();" id="frm-productFilter-brandConstraintForm-value-3235" value="3235" aria-label="!T-tomi (16)">
                            <label for="frm-productFilter-brandConstraintForm-value-3235">T-tomi (16)</label>
                        </div>


                                                         <div class="form-row" style="display: none;">
                            <input type="checkbox" name="value[]" onchange=" $('.filter-ajax-waiting').addClass('show');$(this).closest('form').submit();" id="frm-productFilter-brandConstraintForm-value-1385" value="1385" aria-label="!TTD (2)">
                            <label for="frm-productFilter-brandConstraintForm-value-1385">TTD (2)</label>
                        </div>


                                                         <div class="form-row" style="display: none;">
                            <input type="checkbox" name="value[]" onchange=" $('.filter-ajax-waiting').addClass('show');$(this).closest('form').submit();" id="frm-productFilter-brandConstraintForm-value-2270" value="2270" aria-label="!Taft (8)">
                            <label for="frm-productFilter-brandConstraintForm-value-2270">Taft (8)</label>
                        </div>


                                                         <div class="form-row" style="display: none;">
                            <input type="checkbox" name="value[]" onchange=" $('.filter-ajax-waiting').addClass('show');$(this).closest('form').submit();" id="frm-productFilter-brandConstraintForm-value-548" value="548" aria-label="!Talisker (1)">
                            <label for="frm-productFilter-brandConstraintForm-value-548">Talisker (1)</label>
                        </div>


                                                         <div class="form-row" style="display: none;">
                            <input type="checkbox" name="value[]" onchange=" $('.filter-ajax-waiting').addClass('show');$(this).closest('form').submit();" id="frm-productFilter-brandConstraintForm-value-1244" value="1244" aria-label="!Tanqueray (1)">
                            <label for="frm-productFilter-brandConstraintForm-value-1244">Tanqueray (1)</label>
                        </div>


                                                         <div class="form-row" style="display: none;">
                            <input type="checkbox" name="value[]" onchange=" $('.filter-ajax-waiting').addClass('show');$(this).closest('form').submit();" id="frm-productFilter-brandConstraintForm-value-1246" value="1246" aria-label="!Tatratea (3)">
                            <label for="frm-productFilter-brandConstraintForm-value-1246">Tatratea (3)</label>
                        </div>


                                                         <div class="form-row" style="display: none;">
                            <input type="checkbox" name="value[]" onchange=" $('.filter-ajax-waiting').addClass('show');$(this).closest('form').submit();" id="frm-productFilter-brandConstraintForm-value-3320" value="3320" aria-label="!Teakhaus (1)">
                            <label for="frm-productFilter-brandConstraintForm-value-3320">Teakhaus (1)</label>
                        </div>


                                                         <div class="form-row" style="display: none;">
                            <input type="checkbox" name="value[]" onchange=" $('.filter-ajax-waiting').addClass('show');$(this).closest('form').submit();" id="frm-productFilter-brandConstraintForm-value-989" value="989" aria-label="!Teekanee (2)">
                            <label for="frm-productFilter-brandConstraintForm-value-989">Teekanee (2)</label>
                        </div>


                            <div class="form-row">
                            <input type="checkbox" name="value[]" onchange=" $('.filter-ajax-waiting').addClass('show');$(this).closest('form').submit();" id="frm-productFilter-brandConstraintForm-value-358" value="358" aria-label="!Teekanne (44)">
                            <label for="frm-productFilter-brandConstraintForm-value-358">Teekanne (44)</label>
                        </div>


                                                         <div class="form-row" style="display: none;">
                            <input type="checkbox" name="value[]" onchange=" $('.filter-ajax-waiting').addClass('show');$(this).closest('form').submit();" id="frm-productFilter-brandConstraintForm-value-2480" value="2480" aria-label="!Tefal (5)">
                            <label for="frm-productFilter-brandConstraintForm-value-2480">Tefal (5)</label>
                        </div>


                                                         <div class="form-row" style="display: none;">
                            <input type="checkbox" name="value[]" onchange=" $('.filter-ajax-waiting').addClass('show');$(this).closest('form').submit();" id="frm-productFilter-brandConstraintForm-value-3263" value="3263" aria-label="!Tello (1)">
                            <label for="frm-productFilter-brandConstraintForm-value-3263">Tello (1)</label>
                        </div>


                                                         <div class="form-row" style="display: none;">
                            <input type="checkbox" name="value[]" onchange=" $('.filter-ajax-waiting').addClass('show');$(this).closest('form').submit();" id="frm-productFilter-brandConstraintForm-value-468" value="468" aria-label="!Templářské Sklepy Čejkovice (35)">
                            <label for="frm-productFilter-brandConstraintForm-value-468">Templářské Sklepy Čejkovice (35)</label>
                        </div>


                                                         <div class="form-row" style="display: none;">
                            <input type="checkbox" name="value[]" onchange=" $('.filter-ajax-waiting').addClass('show');$(this).closest('form').submit();" id="frm-productFilter-brandConstraintForm-value-49" value="49" aria-label="!Tento (2)">
                            <label for="frm-productFilter-brandConstraintForm-value-49">Tento (2)</label>
                        </div>


                                                         <div class="form-row" style="display: none;">
                            <input type="checkbox" name="value[]" onchange=" $('.filter-ajax-waiting').addClass('show');$(this).closest('form').submit();" id="frm-productFilter-brandConstraintForm-value-3084" value="3084" aria-label="!Tescoma (4)">
                            <label for="frm-productFilter-brandConstraintForm-value-3084">Tescoma (4)</label>
                        </div>


                                                         <div class="form-row" style="display: none;">
                            <input type="checkbox" name="value[]" onchange=" $('.filter-ajax-waiting').addClass('show');$(this).closest('form').submit();" id="frm-productFilter-brandConstraintForm-value-3247" value="3247" aria-label="!Tetesept (3)">
                            <label for="frm-productFilter-brandConstraintForm-value-3247">Tetesept (3)</label>
                        </div>


                                                         <div class="form-row" style="display: none;">
                            <input type="checkbox" name="value[]" onchange=" $('.filter-ajax-waiting').addClass('show');$(this).closest('form').submit();" id="frm-productFilter-brandConstraintForm-value-2217" value="2217" aria-label="!The Jelly Bean Factory (2)">
                            <label for="frm-productFilter-brandConstraintForm-value-2217">The Jelly Bean Factory (2)</label>
                        </div>


                                                         <div class="form-row" style="display: none;">
                            <input type="checkbox" name="value[]" onchange=" $('.filter-ajax-waiting').addClass('show');$(this).closest('form').submit();" id="frm-productFilter-brandConstraintForm-value-3337" value="3337" aria-label="!The Somerset Toiletry (3)">
                            <label for="frm-productFilter-brandConstraintForm-value-3337">The Somerset Toiletry (3)</label>
                        </div>


                                                         <div class="form-row" style="display: none;">
                            <input type="checkbox" name="value[]" onchange=" $('.filter-ajax-waiting').addClass('show');$(this).closest('form').submit();" id="frm-productFilter-brandConstraintForm-value-2623" value="2623" aria-label="!Three Sixty (3)">
                            <label for="frm-productFilter-brandConstraintForm-value-2623">Three Sixty (3)</label>
                        </div>


                                                         <div class="form-row" style="display: none;">
                            <input type="checkbox" name="value[]" onchange=" $('.filter-ajax-waiting').addClass('show');$(this).closest('form').submit();" id="frm-productFilter-brandConstraintForm-value-2935" value="2935" aria-label="!Time1 (1)">
                            <label for="frm-productFilter-brandConstraintForm-value-2935">Time1 (1)</label>
                        </div>


                                                         <div class="form-row" style="display: none;">
                            <input type="checkbox" name="value[]" onchange=" $('.filter-ajax-waiting').addClass('show');$(this).closest('form').submit();" id="frm-productFilter-brandConstraintForm-value-63" value="63" aria-label="!Timotei (1)">
                            <label for="frm-productFilter-brandConstraintForm-value-63">Timotei (1)</label>
                        </div>


                                                         <div class="form-row" style="display: none;">
                            <input type="checkbox" name="value[]" onchange=" $('.filter-ajax-waiting').addClass('show');$(this).closest('form').submit();" id="frm-productFilter-brandConstraintForm-value-2485" value="2485" aria-label="!Titbit (3)">
                            <label for="frm-productFilter-brandConstraintForm-value-2485">Titbit (3)</label>
                        </div>


                                                         <div class="form-row" style="display: none;">
                            <input type="checkbox" name="value[]" onchange=" $('.filter-ajax-waiting').addClass('show');$(this).closest('form').submit();" id="frm-productFilter-brandConstraintForm-value-3052" value="3052" aria-label="!Toje (4)">
                            <label for="frm-productFilter-brandConstraintForm-value-3052">Toje (4)</label>
                        </div>


                                                         <div class="form-row" style="display: none;">
                            <input type="checkbox" name="value[]" onchange=" $('.filter-ajax-waiting').addClass('show');$(this).closest('form').submit();" id="frm-productFilter-brandConstraintForm-value-387" value="387" aria-label="!Toma (2)">
                            <label for="frm-productFilter-brandConstraintForm-value-387">Toma (2)</label>
                        </div>


                                                         <div class="form-row" style="display: none;">
                            <input type="checkbox" name="value[]" onchange=" $('.filter-ajax-waiting').addClass('show');$(this).closest('form').submit();" id="frm-productFilter-brandConstraintForm-value-720" value="720" aria-label="!Tomil (1)">
                            <label for="frm-productFilter-brandConstraintForm-value-720">Tomil (1)</label>
                        </div>


                                                         <div class="form-row" style="display: none;">
                            <input type="checkbox" name="value[]" onchange=" $('.filter-ajax-waiting').addClass('show');$(this).closest('form').submit();" id="frm-productFilter-brandConstraintForm-value-2364" value="2364" aria-label="!Tommi (4)">
                            <label for="frm-productFilter-brandConstraintForm-value-2364">Tommi (4)</label>
                        </div>


                                                         <div class="form-row" style="display: none;">
                            <input type="checkbox" name="value[]" onchange=" $('.filter-ajax-waiting').addClass('show');$(this).closest('form').submit();" id="frm-productFilter-brandConstraintForm-value-3380" value="3380" aria-label="!Toni&amp;Guy (4)">
                            <label for="frm-productFilter-brandConstraintForm-value-3380">Toni&amp;Guy (4)</label>
                        </div>


                                                         <div class="form-row" style="display: none;">
                            <input type="checkbox" name="value[]" onchange=" $('.filter-ajax-waiting').addClass('show');$(this).closest('form').submit();" id="frm-productFilter-brandConstraintForm-value-417" value="417" aria-label="!Top Topic (1)">
                            <label for="frm-productFilter-brandConstraintForm-value-417">Top Topic (1)</label>
                        </div>


                                                         <div class="form-row" style="display: none;">
                            <input type="checkbox" name="value[]" onchange=" $('.filter-ajax-waiting').addClass('show');$(this).closest('form').submit();" id="frm-productFilter-brandConstraintForm-value-2773" value="2773" aria-label="!Top of the Pop (7)">
                            <label for="frm-productFilter-brandConstraintForm-value-2773">Top of the Pop (7)</label>
                        </div>


                                                         <div class="form-row" style="display: none;">
                            <input type="checkbox" name="value[]" onchange=" $('.filter-ajax-waiting').addClass('show');$(this).closest('form').submit();" id="frm-productFilter-brandConstraintForm-value-3087" value="3087" aria-label="!Toro (17)">
                            <label for="frm-productFilter-brandConstraintForm-value-3087">Toro (17)</label>
                        </div>


                                                         <div class="form-row" style="display: none;">
                            <input type="checkbox" name="value[]" onchange=" $('.filter-ajax-waiting').addClass('show');$(this).closest('form').submit();" id="frm-productFilter-brandConstraintForm-value-2464" value="2464" aria-label="!Torres (4)">
                            <label for="frm-productFilter-brandConstraintForm-value-2464">Torres (4)</label>
                        </div>


                                                         <div class="form-row" style="display: none;">
                            <input type="checkbox" name="value[]" onchange=" $('.filter-ajax-waiting').addClass('show');$(this).closest('form').submit();" id="frm-productFilter-brandConstraintForm-value-2363" value="2363" aria-label="!Trainer (3)">
                            <label for="frm-productFilter-brandConstraintForm-value-2363">Trainer (3)</label>
                        </div>


                                                         <div class="form-row" style="display: none;">
                            <input type="checkbox" name="value[]" onchange=" $('.filter-ajax-waiting').addClass('show');$(this).closest('form').submit();" id="frm-productFilter-brandConstraintForm-value-2302" value="2302" aria-label="!Trefin (1)">
                            <label for="frm-productFilter-brandConstraintForm-value-2302">Trefin (1)</label>
                        </div>


                                                         <div class="form-row" style="display: none;">
                            <input type="checkbox" name="value[]" onchange=" $('.filter-ajax-waiting').addClass('show');$(this).closest('form').submit();" id="frm-productFilter-brandConstraintForm-value-3441" value="3441" aria-label="!Trefl (4)">
                            <label for="frm-productFilter-brandConstraintForm-value-3441">Trefl (4)</label>
                        </div>


                                                         <div class="form-row" style="display: none;">
                            <input type="checkbox" name="value[]" onchange=" $('.filter-ajax-waiting').addClass('show');$(this).closest('form').submit();" id="frm-productFilter-brandConstraintForm-value-2105" value="2105" aria-label="!Tretter's (1)">
                            <label for="frm-productFilter-brandConstraintForm-value-2105">Tretter's (1)</label>
                        </div>


                                                         <div class="form-row" style="display: none;">
                            <input type="checkbox" name="value[]" onchange=" $('.filter-ajax-waiting').addClass('show');$(this).closest('form').submit();" id="frm-productFilter-brandConstraintForm-value-3241" value="3241" aria-label="!Trudi Baby (27)">
                            <label for="frm-productFilter-brandConstraintForm-value-3241">Trudi Baby (27)</label>
                        </div>


                                                         <div class="form-row" style="display: none;">
                            <input type="checkbox" name="value[]" onchange=" $('.filter-ajax-waiting').addClass('show');$(this).closest('form').submit();" id="frm-productFilter-brandConstraintForm-value-654" value="654" aria-label="!Trul (1)">
                            <label for="frm-productFilter-brandConstraintForm-value-654">Trul (1)</label>
                        </div>


                                                         <div class="form-row" style="display: none;">
                            <input type="checkbox" name="value[]" onchange=" $('.filter-ajax-waiting').addClass('show');$(this).closest('form').submit();" id="frm-productFilter-brandConstraintForm-value-288" value="288" aria-label="!Tulip (3)">
                            <label for="frm-productFilter-brandConstraintForm-value-288">Tulip (3)</label>
                        </div>


                                                         <div class="form-row" style="display: none;">
                            <input type="checkbox" name="value[]" onchange=" $('.filter-ajax-waiting').addClass('show');$(this).closest('form').submit();" id="frm-productFilter-brandConstraintForm-value-549" value="549" aria-label="!Tullamore Dew (2)">
                            <label for="frm-productFilter-brandConstraintForm-value-549">Tullamore Dew (2)</label>
                        </div>


                                                         <div class="form-row" style="display: none;">
                            <input type="checkbox" name="value[]" onchange=" $('.filter-ajax-waiting').addClass('show');$(this).closest('form').submit();" id="frm-productFilter-brandConstraintForm-value-3534" value="3534" aria-label="!Ugarte (1)">
                            <label for="frm-productFilter-brandConstraintForm-value-3534">Ugarte (1)</label>
                        </div>


                                                         <div class="form-row" style="display: none;">
                            <input type="checkbox" name="value[]" onchange=" $('.filter-ajax-waiting').addClass('show');$(this).closest('form').submit();" id="frm-productFilter-brandConstraintForm-value-3236" value="3236" aria-label="!Ungrier (2)">
                            <label for="frm-productFilter-brandConstraintForm-value-3236">Ungrier (2)</label>
                        </div>


                                                         <div class="form-row" style="display: none;">
                            <input type="checkbox" name="value[]" onchange=" $('.filter-ajax-waiting').addClass('show');$(this).closest('form').submit();" id="frm-productFilter-brandConstraintForm-value-2644" value="2644" aria-label="!United Brands (2)">
                            <label for="frm-productFilter-brandConstraintForm-value-2644">United Brands (2)</label>
                        </div>


                                                         <div class="form-row" style="display: none;">
                            <input type="checkbox" name="value[]" onchange=" $('.filter-ajax-waiting').addClass('show');$(this).closest('form').submit();" id="frm-productFilter-brandConstraintForm-value-3050" value="3050" aria-label="!Urban Fruit (3)">
                            <label for="frm-productFilter-brandConstraintForm-value-3050">Urban Fruit (3)</label>
                        </div>


                                                         <div class="form-row" style="display: none;">
                            <input type="checkbox" name="value[]" onchange=" $('.filter-ajax-waiting').addClass('show');$(this).closest('form').submit();" id="frm-productFilter-brandConstraintForm-value-75" value="75" aria-label="!Vademecum (1)">
                            <label for="frm-productFilter-brandConstraintForm-value-75">Vademecum (1)</label>
                        </div>


                                                         <div class="form-row" style="display: none;">
                            <input type="checkbox" name="value[]" onchange=" $('.filter-ajax-waiting').addClass('show');$(this).closest('form').submit();" id="frm-productFilter-brandConstraintForm-value-2577" value="2577" aria-label="!Van Houten (1)">
                            <label for="frm-productFilter-brandConstraintForm-value-2577">Van Houten (1)</label>
                        </div>


                                                         <div class="form-row" style="display: none;">
                            <input type="checkbox" name="value[]" onchange=" $('.filter-ajax-waiting').addClass('show');$(this).closest('form').submit();" id="frm-productFilter-brandConstraintForm-value-2442" value="2442" aria-label="!Vandemoortele (5)">
                            <label for="frm-productFilter-brandConstraintForm-value-2442">Vandemoortele (5)</label>
                        </div>


                                                         <div class="form-row" style="display: none;">
                            <input type="checkbox" name="value[]" onchange=" $('.filter-ajax-waiting').addClass('show');$(this).closest('form').submit();" id="frm-productFilter-brandConstraintForm-value-751" value="751" aria-label="!Vanish (3)">
                            <label for="frm-productFilter-brandConstraintForm-value-751">Vanish (3)</label>
                        </div>


                                                         <div class="form-row" style="display: none;">
                            <input type="checkbox" name="value[]" onchange=" $('.filter-ajax-waiting').addClass('show');$(this).closest('form').submit();" id="frm-productFilter-brandConstraintForm-value-3089" value="3089" aria-label="!Vasco Da Gama (1)">
                            <label for="frm-productFilter-brandConstraintForm-value-3089">Vasco Da Gama (1)</label>
                        </div>


                                                         <div class="form-row" style="display: none;">
                            <input type="checkbox" name="value[]" onchange=" $('.filter-ajax-waiting').addClass('show');$(this).closest('form').submit();" id="frm-productFilter-brandConstraintForm-value-3091" value="3091" aria-label="!Vatel (3)">
                            <label for="frm-productFilter-brandConstraintForm-value-3091">Vatel (3)</label>
                        </div>


                                                         <div class="form-row" style="display: none;">
                            <input type="checkbox" name="value[]" onchange=" $('.filter-ajax-waiting').addClass('show');$(this).closest('form').submit();" id="frm-productFilter-brandConstraintForm-value-1965" value="1965" aria-label="!Veet (4)">
                            <label for="frm-productFilter-brandConstraintForm-value-1965">Veet (4)</label>
                        </div>


                                                         <div class="form-row" style="display: none;">
                            <input type="checkbox" name="value[]" onchange=" $('.filter-ajax-waiting').addClass('show');$(this).closest('form').submit();" id="frm-productFilter-brandConstraintForm-value-3272" value="3272" aria-label="!Vegas (1)">
                            <label for="frm-productFilter-brandConstraintForm-value-3272">Vegas (1)</label>
                        </div>


                                                         <div class="form-row" style="display: none;">
                            <input type="checkbox" name="value[]" onchange=" $('.filter-ajax-waiting').addClass('show');$(this).closest('form').submit();" id="frm-productFilter-brandConstraintForm-value-2975" value="2975" aria-label="!Velho Barreiro (1)">
                            <label for="frm-productFilter-brandConstraintForm-value-2975">Velho Barreiro (1)</label>
                        </div>


                                                         <div class="form-row" style="display: none;">
                            <input type="checkbox" name="value[]" onchange=" $('.filter-ajax-waiting').addClass('show');$(this).closest('form').submit();" id="frm-productFilter-brandConstraintForm-value-2823" value="2823" aria-label="!Veritas (2)">
                            <label for="frm-productFilter-brandConstraintForm-value-2823">Veritas (2)</label>
                        </div>


                                                         <div class="form-row" style="display: none;">
                            <input type="checkbox" name="value[]" onchange=" $('.filter-ajax-waiting').addClass('show');$(this).closest('form').submit();" id="frm-productFilter-brandConstraintForm-value-2606" value="2606" aria-label="!Veritea (1)">
                            <label for="frm-productFilter-brandConstraintForm-value-2606">Veritea (1)</label>
                        </div>


                                                         <div class="form-row" style="display: none;">
                            <input type="checkbox" name="value[]" onchange=" $('.filter-ajax-waiting').addClass('show');$(this).closest('form').submit();" id="frm-productFilter-brandConstraintForm-value-3548" value="3548" aria-label="!Versele-Laga (2)">
                            <label for="frm-productFilter-brandConstraintForm-value-3548">Versele-Laga (2)</label>
                        </div>


                                                         <div class="form-row" style="display: none;">
                            <input type="checkbox" name="value[]" onchange=" $('.filter-ajax-waiting').addClass('show');$(this).closest('form').submit();" id="frm-productFilter-brandConstraintForm-value-645" value="645" aria-label="!Veuve Clicquot (1)">
                            <label for="frm-productFilter-brandConstraintForm-value-645">Veuve Clicquot (1)</label>
                        </div>


                                                         <div class="form-row" style="display: none;">
                            <input type="checkbox" name="value[]" onchange=" $('.filter-ajax-waiting').addClass('show');$(this).closest('form').submit();" id="frm-productFilter-brandConstraintForm-value-3457" value="3457" aria-label="!Vichy (3)">
                            <label for="frm-productFilter-brandConstraintForm-value-3457">Vichy (3)</label>
                        </div>


                                                         <div class="form-row" style="display: none;">
                            <input type="checkbox" name="value[]" onchange=" $('.filter-ajax-waiting').addClass('show');$(this).closest('form').submit();" id="frm-productFilter-brandConstraintForm-value-3458" value="3458" aria-label="!Vidal (1)">
                            <label for="frm-productFilter-brandConstraintForm-value-3458">Vidal (1)</label>
                        </div>


                                                         <div class="form-row" style="display: none;">
                            <input type="checkbox" name="value[]" onchange=" $('.filter-ajax-waiting').addClass('show');$(this).closest('form').submit();" id="frm-productFilter-brandConstraintForm-value-2794" value="2794" aria-label="!Viko (8)">
                            <label for="frm-productFilter-brandConstraintForm-value-2794">Viko (8)</label>
                        </div>


                                                         <div class="form-row" style="display: none;">
                            <input type="checkbox" name="value[]" onchange=" $('.filter-ajax-waiting').addClass('show');$(this).closest('form').submit();" id="frm-productFilter-brandConstraintForm-value-483" value="483" aria-label="!Villa Italia (1)">
                            <label for="frm-productFilter-brandConstraintForm-value-483">Villa Italia (1)</label>
                        </div>


                                                         <div class="form-row" style="display: none;">
                            <input type="checkbox" name="value[]" onchange=" $('.filter-ajax-waiting').addClass('show');$(this).closest('form').submit();" id="frm-productFilter-brandConstraintForm-value-3111" value="3111" aria-label="!Villa Moscato (1)">
                            <label for="frm-productFilter-brandConstraintForm-value-3111">Villa Moscato (1)</label>
                        </div>


                                                         <div class="form-row" style="display: none;">
                            <input type="checkbox" name="value[]" onchange=" $('.filter-ajax-waiting').addClass('show');$(this).closest('form').submit();" id="frm-productFilter-brandConstraintForm-value-3370" value="3370" aria-label="!Village Candle (15)">
                            <label for="frm-productFilter-brandConstraintForm-value-3370">Village Candle (15)</label>
                        </div>


                                                         <div class="form-row" style="display: none;">
                            <input type="checkbox" name="value[]" onchange=" $('.filter-ajax-waiting').addClass('show');$(this).closest('form').submit();" id="frm-productFilter-brandConstraintForm-value-637" value="637" aria-label="!Vinařství Baloun (1)">
                            <label for="frm-productFilter-brandConstraintForm-value-637">Vinařství Baloun (1)</label>
                        </div>


                                                         <div class="form-row" style="display: none;">
                            <input type="checkbox" name="value[]" onchange=" $('.filter-ajax-waiting').addClass('show');$(this).closest('form').submit();" id="frm-productFilter-brandConstraintForm-value-2853" value="2853" aria-label="!Vinařství Bunža (1)">
                            <label for="frm-productFilter-brandConstraintForm-value-2853">Vinařství Bunža (1)</label>
                        </div>


                                                         <div class="form-row" style="display: none;">
                            <input type="checkbox" name="value[]" onchange=" $('.filter-ajax-waiting').addClass('show');$(this).closest('form').submit();" id="frm-productFilter-brandConstraintForm-value-2867" value="2867" aria-label="!Vinařství Jedlička (2)">
                            <label for="frm-productFilter-brandConstraintForm-value-2867">Vinařství Jedlička (2)</label>
                        </div>


                                                         <div class="form-row" style="display: none;">
                            <input type="checkbox" name="value[]" onchange=" $('.filter-ajax-waiting').addClass('show');$(this).closest('form').submit();" id="frm-productFilter-brandConstraintForm-value-2811" value="2811" aria-label="!Vinařství Kolonáda (8)">
                            <label for="frm-productFilter-brandConstraintForm-value-2811">Vinařství Kolonáda (8)</label>
                        </div>


                                                         <div class="form-row" style="display: none;">
                            <input type="checkbox" name="value[]" onchange=" $('.filter-ajax-waiting').addClass('show');$(this).closest('form').submit();" id="frm-productFilter-brandConstraintForm-value-2822" value="2822" aria-label="!Vinařství Konečný (1)">
                            <label for="frm-productFilter-brandConstraintForm-value-2822">Vinařství Konečný (1)</label>
                        </div>


                                                         <div class="form-row" style="display: none;">
                            <input type="checkbox" name="value[]" onchange=" $('.filter-ajax-waiting').addClass('show');$(this).closest('form').submit();" id="frm-productFilter-brandConstraintForm-value-2369" value="2369" aria-label="!Vinařství Lednice (2)">
                            <label for="frm-productFilter-brandConstraintForm-value-2369">Vinařství Lednice (2)</label>
                        </div>


                                                         <div class="form-row" style="display: none;">
                            <input type="checkbox" name="value[]" onchange=" $('.filter-ajax-waiting').addClass('show');$(this).closest('form').submit();" id="frm-productFilter-brandConstraintForm-value-3121" value="3121" aria-label="!Vinařství Mutěnice (3)">
                            <label for="frm-productFilter-brandConstraintForm-value-3121">Vinařství Mutěnice (3)</label>
                        </div>


                                                         <div class="form-row" style="display: none;">
                            <input type="checkbox" name="value[]" onchange=" $('.filter-ajax-waiting').addClass('show');$(this).closest('form').submit();" id="frm-productFilter-brandConstraintForm-value-2852" value="2852" aria-label="!Vinařství Na Soutoku (2)">
                            <label for="frm-productFilter-brandConstraintForm-value-2852">Vinařství Na Soutoku (2)</label>
                        </div>


                                                         <div class="form-row" style="display: none;">
                            <input type="checkbox" name="value[]" onchange=" $('.filter-ajax-waiting').addClass('show');$(this).closest('form').submit();" id="frm-productFilter-brandConstraintForm-value-2285" value="2285" aria-label="!Vinařství Omasta (11)">
                            <label for="frm-productFilter-brandConstraintForm-value-2285">Vinařství Omasta (11)</label>
                        </div>


                                                         <div class="form-row" style="display: none;">
                            <input type="checkbox" name="value[]" onchange=" $('.filter-ajax-waiting').addClass('show');$(this).closest('form').submit();" id="frm-productFilter-brandConstraintForm-value-3258" value="3258" aria-label="!Vinařství Osička (2)">
                            <label for="frm-productFilter-brandConstraintForm-value-3258">Vinařství Osička (2)</label>
                        </div>


                                                         <div class="form-row" style="display: none;">
                            <input type="checkbox" name="value[]" onchange=" $('.filter-ajax-waiting').addClass('show');$(this).closest('form').submit();" id="frm-productFilter-brandConstraintForm-value-2758" value="2758" aria-label="!Vinařství Ostrovec (13)">
                            <label for="frm-productFilter-brandConstraintForm-value-2758">Vinařství Ostrovec (13)</label>
                        </div>


                                                         <div class="form-row" style="display: none;">
                            <input type="checkbox" name="value[]" onchange=" $('.filter-ajax-waiting').addClass('show');$(this).closest('form').submit();" id="frm-productFilter-brandConstraintForm-value-1247" value="1247" aria-label="!Vinařství Pavlov (3)">
                            <label for="frm-productFilter-brandConstraintForm-value-1247">Vinařství Pavlov (3)</label>
                        </div>


                                                         <div class="form-row" style="display: none;">
                            <input type="checkbox" name="value[]" onchange=" $('.filter-ajax-waiting').addClass('show');$(this).closest('form').submit();" id="frm-productFilter-brandConstraintForm-value-2958" value="2958" aria-label="!Vinařství Pavlovín (8)">
                            <label for="frm-productFilter-brandConstraintForm-value-2958">Vinařství Pavlovín (8)</label>
                        </div>


                                                         <div class="form-row" style="display: none;">
                            <input type="checkbox" name="value[]" onchange=" $('.filter-ajax-waiting').addClass('show');$(this).closest('form').submit();" id="frm-productFilter-brandConstraintForm-value-2398" value="2398" aria-label="!Vinařství Pfeffer (11)">
                            <label for="frm-productFilter-brandConstraintForm-value-2398">Vinařství Pfeffer (11)</label>
                        </div>


                                                         <div class="form-row" style="display: none;">
                            <input type="checkbox" name="value[]" onchange=" $('.filter-ajax-waiting').addClass('show');$(this).closest('form').submit();" id="frm-productFilter-brandConstraintForm-value-2279" value="2279" aria-label="!Vinařství Zborovský (4)">
                            <label for="frm-productFilter-brandConstraintForm-value-2279">Vinařství Zborovský (4)</label>
                        </div>


                                                         <div class="form-row" style="display: none;">
                            <input type="checkbox" name="value[]" onchange=" $('.filter-ajax-waiting').addClass('show');$(this).closest('form').submit();" id="frm-productFilter-brandConstraintForm-value-469" value="469" aria-label="!Vinium (13)">
                            <label for="frm-productFilter-brandConstraintForm-value-469">Vinium (13)</label>
                        </div>


                                                         <div class="form-row" style="display: none;">
                            <input type="checkbox" name="value[]" onchange=" $('.filter-ajax-waiting').addClass('show');$(this).closest('form').submit();" id="frm-productFilter-brandConstraintForm-value-1257" value="1257" aria-label="!Vinium Velké Pavlovice (3)">
                            <label for="frm-productFilter-brandConstraintForm-value-1257">Vinium Velké Pavlovice (3)</label>
                        </div>


                                                         <div class="form-row" style="display: none;">
                            <input type="checkbox" name="value[]" onchange=" $('.filter-ajax-waiting').addClass('show');$(this).closest('form').submit();" id="frm-productFilter-brandConstraintForm-value-3140" value="3140" aria-label="!Vitacelia (5)">
                            <label for="frm-productFilter-brandConstraintForm-value-3140">Vitacelia (5)</label>
                        </div>


                                                         <div class="form-row" style="display: none;">
                            <input type="checkbox" name="value[]" onchange=" $('.filter-ajax-waiting').addClass('show');$(this).closest('form').submit();" id="frm-productFilter-brandConstraintForm-value-2151" value="2151" aria-label="!VitalBite (2)">
                            <label for="frm-productFilter-brandConstraintForm-value-2151">VitalBite (2)</label>
                        </div>


                                                         <div class="form-row" style="display: none;">
                            <input type="checkbox" name="value[]" onchange=" $('.filter-ajax-waiting').addClass('show');$(this).closest('form').submit();" id="frm-productFilter-brandConstraintForm-value-2169" value="2169" aria-label="!Vitaminátor (1)">
                            <label for="frm-productFilter-brandConstraintForm-value-2169">Vitaminátor (1)</label>
                        </div>


                                                         <div class="form-row" style="display: none;">
                            <input type="checkbox" name="value[]" onchange=" $('.filter-ajax-waiting').addClass('show');$(this).closest('form').submit();" id="frm-productFilter-brandConstraintForm-value-259" value="259" aria-label="!Vitana (23)">
                            <label for="frm-productFilter-brandConstraintForm-value-259">Vitana (23)</label>
                        </div>


                                                         <div class="form-row" style="display: none;">
                            <input type="checkbox" name="value[]" onchange=" $('.filter-ajax-waiting').addClass('show');$(this).closest('form').submit();" id="frm-productFilter-brandConstraintForm-value-278" value="278" aria-label="!Viva (5)">
                            <label for="frm-productFilter-brandConstraintForm-value-278">Viva (5)</label>
                        </div>


                                                         <div class="form-row" style="display: none;">
                            <input type="checkbox" name="value[]" onchange=" $('.filter-ajax-waiting').addClass('show');$(this).closest('form').submit();" id="frm-productFilter-brandConstraintForm-value-2196" value="2196" aria-label="!Vivani (3)">
                            <label for="frm-productFilter-brandConstraintForm-value-2196">Vivani (3)</label>
                        </div>


                                                         <div class="form-row" style="display: none;">
                            <input type="checkbox" name="value[]" onchange=" $('.filter-ajax-waiting').addClass('show');$(this).closest('form').submit();" id="frm-productFilter-brandConstraintForm-value-481" value="481" aria-label="!Viña Tarapacá (6)">
                            <label for="frm-productFilter-brandConstraintForm-value-481">Viña Tarapacá (6)</label>
                        </div>


                                                         <div class="form-row" style="display: none;">
                            <input type="checkbox" name="value[]" onchange=" $('.filter-ajax-waiting').addClass('show');$(this).closest('form').submit();" id="frm-productFilter-brandConstraintForm-value-788" value="788" aria-label="!Vodňanská drůbež (1)">
                            <label for="frm-productFilter-brandConstraintForm-value-788">Vodňanská drůbež (1)</label>
                        </div>


                                                         <div class="form-row" style="display: none;">
                            <input type="checkbox" name="value[]" onchange=" $('.filter-ajax-waiting').addClass('show');$(this).closest('form').submit();" id="frm-productFilter-brandConstraintForm-value-3136" value="3136" aria-label="!Váhala (15)">
                            <label for="frm-productFilter-brandConstraintForm-value-3136">Váhala (15)</label>
                        </div>


                                                         <div class="form-row" style="display: none;">
                            <input type="checkbox" name="value[]" onchange=" $('.filter-ajax-waiting').addClass('show');$(this).closest('form').submit();" id="frm-productFilter-brandConstraintForm-value-470" value="470" aria-label="!Víno Mikulov (8)">
                            <label for="frm-productFilter-brandConstraintForm-value-470">Víno Mikulov (8)</label>
                        </div>


                                                         <div class="form-row" style="display: none;">
                            <input type="checkbox" name="value[]" onchange=" $('.filter-ajax-waiting').addClass('show');$(this).closest('form').submit();" id="frm-productFilter-brandConstraintForm-value-38" value="38" aria-label="!WC Net (1)">
                            <label for="frm-productFilter-brandConstraintForm-value-38">WC Net (1)</label>
                        </div>


                                                         <div class="form-row" style="display: none;">
                            <input type="checkbox" name="value[]" onchange=" $('.filter-ajax-waiting').addClass('show');$(this).closest('form').submit();" id="frm-productFilter-brandConstraintForm-value-3367" value="3367" aria-label="!WEDO (13)">
                            <label for="frm-productFilter-brandConstraintForm-value-3367">WEDO (13)</label>
                        </div>


                                                         <div class="form-row" style="display: none;">
                            <input type="checkbox" name="value[]" onchange=" $('.filter-ajax-waiting').addClass('show');$(this).closest('form').submit();" id="frm-productFilter-brandConstraintForm-value-328" value="328" aria-label="!Wasa (1)">
                            <label for="frm-productFilter-brandConstraintForm-value-328">Wasa (1)</label>
                        </div>


                                                         <div class="form-row" style="display: none;">
                            <input type="checkbox" name="value[]" onchange=" $('.filter-ajax-waiting').addClass('show');$(this).closest('form').submit();" id="frm-productFilter-brandConstraintForm-value-2885" value="2885" aria-label="!Weihenstephaner (1)">
                            <label for="frm-productFilter-brandConstraintForm-value-2885">Weihenstephaner (1)</label>
                        </div>


                                                         <div class="form-row" style="display: none;">
                            <input type="checkbox" name="value[]" onchange=" $('.filter-ajax-waiting').addClass('show');$(this).closest('form').submit();" id="frm-productFilter-brandConstraintForm-value-2419" value="2419" aria-label="!Weingut Polz (1)">
                            <label for="frm-productFilter-brandConstraintForm-value-2419">Weingut Polz (1)</label>
                        </div>


                                                         <div class="form-row" style="display: none;">
                            <input type="checkbox" name="value[]" onchange=" $('.filter-ajax-waiting').addClass('show');$(this).closest('form').submit();" id="frm-productFilter-brandConstraintForm-value-3491" value="3491" aria-label="!Weleda (9)">
                            <label for="frm-productFilter-brandConstraintForm-value-3491">Weleda (9)</label>
                        </div>


                                                         <div class="form-row" style="display: none;">
                            <input type="checkbox" name="value[]" onchange=" $('.filter-ajax-waiting').addClass('show');$(this).closest('form').submit();" id="frm-productFilter-brandConstraintForm-value-2568" value="2568" aria-label="!Wham (1)">
                            <label for="frm-productFilter-brandConstraintForm-value-2568">Wham (1)</label>
                        </div>


                                                         <div class="form-row" style="display: none;">
                            <input type="checkbox" name="value[]" onchange=" $('.filter-ajax-waiting').addClass('show');$(this).closest('form').submit();" id="frm-productFilter-brandConstraintForm-value-15" value="15" aria-label="!Whiskas (6)">
                            <label for="frm-productFilter-brandConstraintForm-value-15">Whiskas (6)</label>
                        </div>


                                                         <div class="form-row" style="display: none;">
                            <input type="checkbox" name="value[]" onchange=" $('.filter-ajax-waiting').addClass('show');$(this).closest('form').submit();" id="frm-productFilter-brandConstraintForm-value-909" value="909" aria-label="!Wholebake (2)">
                            <label for="frm-productFilter-brandConstraintForm-value-909">Wholebake (2)</label>
                        </div>


                                                         <div class="form-row" style="display: none;">
                            <input type="checkbox" name="value[]" onchange=" $('.filter-ajax-waiting').addClass('show');$(this).closest('form').submit();" id="frm-productFilter-brandConstraintForm-value-676" value="676" aria-label="!Wiky (1)">
                            <label for="frm-productFilter-brandConstraintForm-value-676">Wiky (1)</label>
                        </div>


                                                         <div class="form-row" style="display: none;">
                            <input type="checkbox" name="value[]" onchange=" $('.filter-ajax-waiting').addClass('show');$(this).closest('form').submit();" id="frm-productFilter-brandConstraintForm-value-1248" value="1248" aria-label="!Wild Turkey (1)">
                            <label for="frm-productFilter-brandConstraintForm-value-1248">Wild Turkey (1)</label>
                        </div>


                                                         <div class="form-row" style="display: none;">
                            <input type="checkbox" name="value[]" onchange=" $('.filter-ajax-waiting').addClass('show');$(this).closest('form').submit();" id="frm-productFilter-brandConstraintForm-value-581" value="581" aria-label="!Woolite (7)">
                            <label for="frm-productFilter-brandConstraintForm-value-581">Woolite (7)</label>
                        </div>


                                                         <div class="form-row" style="display: none;">
                            <input type="checkbox" name="value[]" onchange=" $('.filter-ajax-waiting').addClass('show');$(this).closest('form').submit();" id="frm-productFilter-brandConstraintForm-value-226" value="226" aria-label="!Wright's (3)">
                            <label for="frm-productFilter-brandConstraintForm-value-226">Wright's (3)</label>
                        </div>


                                                         <div class="form-row" style="display: none;">
                            <input type="checkbox" name="value[]" onchange=" $('.filter-ajax-waiting').addClass('show');$(this).closest('form').submit();" id="frm-productFilter-brandConstraintForm-value-196" value="196" aria-label="!Wrigley's (6)">
                            <label for="frm-productFilter-brandConstraintForm-value-196">Wrigley's (6)</label>
                        </div>


                                                         <div class="form-row" style="display: none;">
                            <input type="checkbox" name="value[]" onchange=" $('.filter-ajax-waiting').addClass('show');$(this).closest('form').submit();" id="frm-productFilter-brandConstraintForm-value-3386" value="3386" aria-label="!Y-Plus (1)">
                            <label for="frm-productFilter-brandConstraintForm-value-3386">Y-Plus (1)</label>
                        </div>


                                                         <div class="form-row" style="display: none;">
                            <input type="checkbox" name="value[]" onchange=" $('.filter-ajax-waiting').addClass('show');$(this).closest('form').submit();" id="frm-productFilter-brandConstraintForm-value-3103" value="3103" aria-label="!Yellow&amp;Blue (10)">
                            <label for="frm-productFilter-brandConstraintForm-value-3103">Yellow&amp;Blue (10)</label>
                        </div>


                                                         <div class="form-row" style="display: none;">
                            <input type="checkbox" name="value[]" onchange=" $('.filter-ajax-waiting').addClass('show');$(this).closest('form').submit();" id="frm-productFilter-brandConstraintForm-value-2924" value="2924" aria-label="!Zacapa (1)">
                            <label for="frm-productFilter-brandConstraintForm-value-2924">Zacapa (1)</label>
                        </div>


                                                         <div class="form-row" style="display: none;">
                            <input type="checkbox" name="value[]" onchange=" $('.filter-ajax-waiting').addClass('show');$(this).closest('form').submit();" id="frm-productFilter-brandConstraintForm-value-2769" value="2769" aria-label="!Zanae (1)">
                            <label for="frm-productFilter-brandConstraintForm-value-2769">Zanae (1)</label>
                        </div>


                                                         <div class="form-row" style="display: none;">
                            <input type="checkbox" name="value[]" onchange=" $('.filter-ajax-waiting').addClass('show');$(this).closest('form').submit();" id="frm-productFilter-brandConstraintForm-value-1351" value="1351" aria-label="!Zanetti (1)">
                            <label for="frm-productFilter-brandConstraintForm-value-1351">Zanetti (1)</label>
                        </div>


                                                         <div class="form-row" style="display: none;">
                            <input type="checkbox" name="value[]" onchange=" $('.filter-ajax-waiting').addClass('show');$(this).closest('form').submit();" id="frm-productFilter-brandConstraintForm-value-3085" value="3085" aria-label="!Zdravá láhev (1)">
                            <label for="frm-productFilter-brandConstraintForm-value-3085">Zdravá láhev (1)</label>
                        </div>


                                                         <div class="form-row" style="display: none;">
                            <input type="checkbox" name="value[]" onchange=" $('.filter-ajax-waiting').addClass('show');$(this).closest('form').submit();" id="frm-productFilter-brandConstraintForm-value-2379" value="2379" aria-label="!Zendium (4)">
                            <label for="frm-productFilter-brandConstraintForm-value-2379">Zendium (4)</label>
                        </div>


                                                         <div class="form-row" style="display: none;">
                            <input type="checkbox" name="value[]" onchange=" $('.filter-ajax-waiting').addClass('show');$(this).closest('form').submit();" id="frm-productFilter-brandConstraintForm-value-2950" value="2950" aria-label="!Zentis (2)">
                            <label for="frm-productFilter-brandConstraintForm-value-2950">Zentis (2)</label>
                        </div>


                                                         <div class="form-row" style="display: none;">
                            <input type="checkbox" name="value[]" onchange=" $('.filter-ajax-waiting').addClass('show');$(this).closest('form').submit();" id="frm-productFilter-brandConstraintForm-value-438" value="438" aria-label="!Zlatopramen (8)">
                            <label for="frm-productFilter-brandConstraintForm-value-438">Zlatopramen (8)</label>
                        </div>


                                                         <div class="form-row" style="display: none;">
                            <input type="checkbox" name="value[]" onchange=" $('.filter-ajax-waiting').addClass('show');$(this).closest('form').submit();" id="frm-productFilter-brandConstraintForm-value-452" value="452" aria-label="!Zlatý Bažant (2)">
                            <label for="frm-productFilter-brandConstraintForm-value-452">Zlatý Bažant (2)</label>
                        </div>


                                                         <div class="form-row" style="display: none;">
                            <input type="checkbox" name="value[]" onchange=" $('.filter-ajax-waiting').addClass('show');$(this).closest('form').submit();" id="frm-productFilter-brandConstraintForm-value-472" value="472" aria-label="!Znovín Znojmo (1)">
                            <label for="frm-productFilter-brandConstraintForm-value-472">Znovín Znojmo (1)</label>
                        </div>


                                                         <div class="form-row" style="display: none;">
                            <input type="checkbox" name="value[]" onchange=" $('.filter-ajax-waiting').addClass('show');$(this).closest('form').submit();" id="frm-productFilter-brandConstraintForm-value-2846" value="2846" aria-label="!Zolotoe (1)">
                            <label for="frm-productFilter-brandConstraintForm-value-2846">Zolotoe (1)</label>
                        </div>


                                                         <div class="form-row" style="display: none;">
                            <input type="checkbox" name="value[]" onchange=" $('.filter-ajax-waiting').addClass('show');$(this).closest('form').submit();" id="frm-productFilter-brandConstraintForm-value-903" value="903" aria-label="!Zon (8)">
                            <label for="frm-productFilter-brandConstraintForm-value-903">Zon (8)</label>
                        </div>


                                                         <div class="form-row" style="display: none;">
                            <input type="checkbox" name="value[]" onchange=" $('.filter-ajax-waiting').addClass('show');$(this).closest('form').submit();" id="frm-productFilter-brandConstraintForm-value-1721" value="1721" aria-label="!Zonin (3)">
                            <label for="frm-productFilter-brandConstraintForm-value-1721">Zonin (3)</label>
                        </div>


                                                         <div class="form-row" style="display: none;">
                            <input type="checkbox" name="value[]" onchange=" $('.filter-ajax-waiting').addClass('show');$(this).closest('form').submit();" id="frm-productFilter-brandConstraintForm-value-2597" value="2597" aria-label="!Zwan (3)">
                            <label for="frm-productFilter-brandConstraintForm-value-2597">Zwan (3)</label>
                        </div>


                                                         <div class="form-row" style="display: none;">
                            <input type="checkbox" name="value[]" onchange=" $('.filter-ajax-waiting').addClass('show');$(this).closest('form').submit();" id="frm-productFilter-brandConstraintForm-value-2718" value="2718" aria-label="!Zátkovy těstoviny a mouka (3)">
                            <label for="frm-productFilter-brandConstraintForm-value-2718">Zátkovy těstoviny a mouka (3)</label>
                        </div>


                                                         <div class="form-row" style="display: none;">
                            <input type="checkbox" name="value[]" onchange=" $('.filter-ajax-waiting').addClass('show');$(this).closest('form').submit();" id="frm-productFilter-brandConstraintForm-value-3446" value="3446" aria-label="!got2b (8)">
                            <label for="frm-productFilter-brandConstraintForm-value-3446">got2b (8)</label>
                        </div>


                                                         <div class="form-row" style="display: none;">
                            <input type="checkbox" name="value[]" onchange=" $('.filter-ajax-waiting').addClass('show');$(this).closest('form').submit();" id="frm-productFilter-brandConstraintForm-value-3082" value="3082" aria-label="!iSi (1)">
                            <label for="frm-productFilter-brandConstraintForm-value-3082">iSi (1)</label>
                        </div>


                                                         <div class="form-row" style="display: none;">
                            <input type="checkbox" name="value[]" onchange=" $('.filter-ajax-waiting').addClass('show');$(this).closest('form').submit();" id="frm-productFilter-brandConstraintForm-value-2284" value="2284" aria-label="!kalfany (1)">
                            <label for="frm-productFilter-brandConstraintForm-value-2284">kalfany (1)</label>
                        </div>


                                                         <div class="form-row" style="display: none;">
                            <input type="checkbox" name="value[]" onchange=" $('.filter-ajax-waiting').addClass('show');$(this).closest('form').submit();" id="frm-productFilter-brandConstraintForm-value-2152" value="2152" aria-label="!pure coco (1)">
                            <label for="frm-productFilter-brandConstraintForm-value-2152">pure coco (1)</label>
                        </div>


                                                         <div class="form-row" style="display: none;">
                            <input type="checkbox" name="value[]" onchange=" $('.filter-ajax-waiting').addClass('show');$(this).closest('form').submit();" id="frm-productFilter-brandConstraintForm-value-3104" value="3104" aria-label="!skare (2)">
                            <label for="frm-productFilter-brandConstraintForm-value-3104">skare (2)</label>
                        </div>


                                                         <div class="form-row" style="display: none;">
                            <input type="checkbox" name="value[]" onchange=" $('.filter-ajax-waiting').addClass('show');$(this).closest('form').submit();" id="frm-productFilter-brandConstraintForm-value-2204" value="2204" aria-label="!Čongrády (1)">
                            <label for="frm-productFilter-brandConstraintForm-value-2204">Čongrády (1)</label>
                        </div>


                                                         <div class="form-row" style="display: none;">
                            <input type="checkbox" name="value[]" onchange=" $('.filter-ajax-waiting').addClass('show');$(this).closest('form').submit();" id="frm-productFilter-brandConstraintForm-value-1746" value="1746" aria-label="!Šmakoun (1)">
                            <label for="frm-productFilter-brandConstraintForm-value-1746">Šmakoun (1)</label>
                        </div>


                                                         <div class="form-row" style="display: none;">
                            <input type="checkbox" name="value[]" onchange=" $('.filter-ajax-waiting').addClass('show');$(this).closest('form').submit();" id="frm-productFilter-brandConstraintForm-value-2186" value="2186" aria-label="!Žufánek (1)">
                            <label for="frm-productFilter-brandConstraintForm-value-2186">Žufánek (1)</label>
                        </div>

																<a class="show-more-brands link-red">více značek</a>
																<a class="show-less-brands link-red" style="display: none;">méně značek</a>
                            <br><br>
                            <a class="link-red align-right" href="/produkty-v-akci?do=productFilter-reset">zrušit filtr</a>
                </div>
                                <input type="hidden" name="do" value="productFilter-brandConstraintForm-submit">
        <!--[if IE]><input type=IEbug disabled style="display:none"><![endif]-->
</form>

</div>
        <h3 aria-label="Filtr Podle kategorie">Podle kategorie</h3>
        <div id="snippet-productFilter-categoryConstraintFormArea">
        <form action="/produkty-v-akci" method="post" class="ajax filter-constraint filter-list" id="frm-productFilter-categoryConstraintForm">
                <div class="filter-categories" id="filter-category">

                                                         <div class="form-row" style="display: none;">
                            <input type="checkbox" name="value[]" onchange=" $('.filter-ajax-waiting').addClass('show');$(this).closest('form').submit();" id="frm-productFilter-categoryConstraintForm-value-1146" value="1146" aria-label="!100% džusy (33)">
                            <label for="frm-productFilter-categoryConstraintForm-value-1146">100% džusy (33)</label>
                        </div>


                                                         <div class="form-row" style="display: none;">
                            <input type="checkbox" name="value[]" onchange=" $('.filter-ajax-waiting').addClass('show');$(this).closest('form').submit();" id="frm-productFilter-categoryConstraintForm-value-1136" value="1136" aria-label="!2 v 1, 3 v 1 (7)">
                            <label for="frm-productFilter-categoryConstraintForm-value-1136">2 v 1, 3 v 1 (7)</label>
                        </div>


                                                         <div class="form-row" style="display: none;">
                            <input type="checkbox" name="value[]" onchange=" $('.filter-ajax-waiting').addClass('show');$(this).closest('form').submit();" id="frm-productFilter-categoryConstraintForm-value-1675" value="1675" aria-label="!Adventní kalendáře (1)">
                            <label for="frm-productFilter-categoryConstraintForm-value-1675">Adventní kalendáře (1)</label>
                        </div>


                                                         <div class="form-row" style="display: none;">
                            <input type="checkbox" name="value[]" onchange=" $('.filter-ajax-waiting').addClass('show');$(this).closest('form').submit();" id="frm-productFilter-categoryConstraintForm-value-1102" value="1102" aria-label="!Aperitivy (15)">
                            <label for="frm-productFilter-categoryConstraintForm-value-1102">Aperitivy (15)</label>
                        </div>


                                                         <div class="form-row" style="display: none;">
                            <input type="checkbox" name="value[]" onchange=" $('.filter-ajax-waiting').addClass('show');$(this).closest('form').submit();" id="frm-productFilter-categoryConstraintForm-value-1297" value="1297" aria-label="!Arborio (1)">
                            <label for="frm-productFilter-categoryConstraintForm-value-1297">Arborio (1)</label>
                        </div>


                                                         <div class="form-row" style="display: none;">
                            <input type="checkbox" name="value[]" onchange=" $('.filter-ajax-waiting').addClass('show');$(this).closest('form').submit();" id="frm-productFilter-categoryConstraintForm-value-1450" value="1450" aria-label="!Aviváže (2)">
                            <label for="frm-productFilter-categoryConstraintForm-value-1450">Aviváže (2)</label>
                        </div>


                                                         <div class="form-row" style="display: none;">
                            <input type="checkbox" name="value[]" onchange=" $('.filter-ajax-waiting').addClass('show');$(this).closest('form').submit();" id="frm-productFilter-categoryConstraintForm-value-1022" value="1022" aria-label="!Balené pečivo (2)">
                            <label for="frm-productFilter-categoryConstraintForm-value-1022">Balené pečivo (2)</label>
                        </div>


                                                         <div class="form-row" style="display: none;">
                            <input type="checkbox" name="value[]" onchange=" $('.filter-ajax-waiting').addClass('show');$(this).closest('form').submit();" id="frm-productFilter-categoryConstraintForm-value-1415" value="1415" aria-label="!Balící potřeby (9)">
                            <label for="frm-productFilter-categoryConstraintForm-value-1415">Balící potřeby (9)</label>
                        </div>


                                                         <div class="form-row" style="display: none;">
                            <input type="checkbox" name="value[]" onchange=" $('.filter-ajax-waiting').addClass('show');$(this).closest('form').submit();" id="frm-productFilter-categoryConstraintForm-value-987" value="987" aria-label="!Banány a exotické ovoce (7)">
                            <label for="frm-productFilter-categoryConstraintForm-value-987">Banány a exotické ovoce (7)</label>
                        </div>


                                                         <div class="form-row" style="display: none;">
                            <input type="checkbox" name="value[]" onchange=" $('.filter-ajax-waiting').addClass('show');$(this).closest('form').submit();" id="frm-productFilter-categoryConstraintForm-value-1201" value="1201" aria-label="!Barmanské sirupy (2)">
                            <label for="frm-productFilter-categoryConstraintForm-value-1201">Barmanské sirupy (2)</label>
                        </div>


                                                         <div class="form-row" style="display: none;">
                            <input type="checkbox" name="value[]" onchange=" $('.filter-ajax-waiting').addClass('show');$(this).closest('form').submit();" id="frm-productFilter-categoryConstraintForm-value-1523" value="1523" aria-label="!Barvy na vlasy (25)">
                            <label for="frm-productFilter-categoryConstraintForm-value-1523">Barvy na vlasy (25)</label>
                        </div>


                                                         <div class="form-row" style="display: none;">
                            <input type="checkbox" name="value[]" onchange=" $('.filter-ajax-waiting').addClass('show');$(this).closest('form').submit();" id="frm-productFilter-categoryConstraintForm-value-1296" value="1296" aria-label="!Basmati (2)">
                            <label for="frm-productFilter-categoryConstraintForm-value-1296">Basmati (2)</label>
                        </div>


                                                         <div class="form-row" style="display: none;">
                            <input type="checkbox" name="value[]" onchange=" $('.filter-ajax-waiting').addClass('show');$(this).closest('form').submit();" id="frm-productFilter-categoryConstraintForm-value-1137" value="1137" aria-label="!Bez kofeinu (1)">
                            <label for="frm-productFilter-categoryConstraintForm-value-1137">Bez kofeinu (1)</label>
                        </div>


                                                         <div class="form-row" style="display: none;">
                            <input type="checkbox" name="value[]" onchange=" $('.filter-ajax-waiting').addClass('show');$(this).closest('form').submit();" id="frm-productFilter-categoryConstraintForm-value-1706" value="1706" aria-label="!Bez laktózy (1)">
                            <label for="frm-productFilter-categoryConstraintForm-value-1706">Bez laktózy (1)</label>
                        </div>


                                                         <div class="form-row" style="display: none;">
                            <input type="checkbox" name="value[]" onchange=" $('.filter-ajax-waiting').addClass('show');$(this).closest('form').submit();" id="frm-productFilter-categoryConstraintForm-value-1020" value="1020" aria-label="!Bezlepkové pečivo (5)">
                            <label for="frm-productFilter-categoryConstraintForm-value-1020">Bezlepkové pečivo (5)</label>
                        </div>


                                                         <div class="form-row" style="display: none;">
                            <input type="checkbox" name="value[]" onchange=" $('.filter-ajax-waiting').addClass('show');$(this).closest('form').submit();" id="frm-productFilter-categoryConstraintForm-value-334" value="334" aria-label="!Bezlepkové výrobky (2)">
                            <label for="frm-productFilter-categoryConstraintForm-value-334">Bezlepkové výrobky (2)</label>
                        </div>


                                                         <div class="form-row" style="display: none;">
                            <input type="checkbox" name="value[]" onchange=" $('.filter-ajax-waiting').addClass('show');$(this).closest('form').submit();" id="frm-productFilter-categoryConstraintForm-value-1302" value="1302" aria-label="!Bezvaječné (4)">
                            <label for="frm-productFilter-categoryConstraintForm-value-1302">Bezvaječné (4)</label>
                        </div>


                                                         <div class="form-row" style="display: none;">
                            <input type="checkbox" name="value[]" onchange=" $('.filter-ajax-waiting').addClass('show');$(this).closest('form').submit();" id="frm-productFilter-categoryConstraintForm-value-931" value="931" aria-label="!Bločky (7)">
                            <label for="frm-productFilter-categoryConstraintForm-value-931">Bločky (7)</label>
                        </div>


                                                         <div class="form-row" style="display: none;">
                            <input type="checkbox" name="value[]" onchange=" $('.filter-ajax-waiting').addClass('show');$(this).closest('form').submit();" id="frm-productFilter-categoryConstraintForm-value-1320" value="1320" aria-label="!Bonboniéry (8)">
                            <label for="frm-productFilter-categoryConstraintForm-value-1320">Bonboniéry (8)</label>
                        </div>


                                                         <div class="form-row" style="display: none;">
                            <input type="checkbox" name="value[]" onchange=" $('.filter-ajax-waiting').addClass('show');$(this).closest('form').submit();" id="frm-productFilter-categoryConstraintForm-value-1327" value="1327" aria-label="!Bonbony a žvýkačky (16)">
                            <label for="frm-productFilter-categoryConstraintForm-value-1327">Bonbony a žvýkačky (16)</label>
                        </div>


                                                         <div class="form-row" style="display: none;">
                            <input type="checkbox" name="value[]" onchange=" $('.filter-ajax-waiting').addClass('show');$(this).closest('form').submit();" id="frm-productFilter-categoryConstraintForm-value-1676" value="1676" aria-label="!Bonbóny a čokolády (32)">
                            <label for="frm-productFilter-categoryConstraintForm-value-1676">Bonbóny a čokolády (32)</label>
                        </div>


                                                         <div class="form-row" style="display: none;">
                            <input type="checkbox" name="value[]" onchange=" $('.filter-ajax-waiting').addClass('show');$(this).closest('form').submit();" id="frm-productFilter-categoryConstraintForm-value-1008" value="1008" aria-label="!Brambory (1)">
                            <label for="frm-productFilter-categoryConstraintForm-value-1008">Brambory (1)</label>
                        </div>


                                                         <div class="form-row" style="display: none;">
                            <input type="checkbox" name="value[]" onchange=" $('.filter-ajax-waiting').addClass('show');$(this).closest('form').submit();" id="frm-productFilter-categoryConstraintForm-value-1103" value="1103" aria-label="!Brandy a koňak (18)">
                            <label for="frm-productFilter-categoryConstraintForm-value-1103">Brandy a koňak (18)</label>
                        </div>


                                                         <div class="form-row" style="display: none;">
                            <input type="checkbox" name="value[]" onchange=" $('.filter-ajax-waiting').addClass('show');$(this).closest('form').submit();" id="frm-productFilter-categoryConstraintForm-value-1222" value="1222" aria-label="!Burákové máslo (1)">
                            <label for="frm-productFilter-categoryConstraintForm-value-1222">Burákové máslo (1)</label>
                        </div>


                                                         <div class="form-row" style="display: none;">
                            <input type="checkbox" name="value[]" onchange=" $('.filter-ajax-waiting').addClass('show');$(this).closest('form').submit();" id="frm-productFilter-categoryConstraintForm-value-1670" value="1670" aria-label="!Bylinné (24)">
                            <label for="frm-productFilter-categoryConstraintForm-value-1670">Bylinné (24)</label>
                        </div>


                                                         <div class="form-row" style="display: none;">
                            <input type="checkbox" name="value[]" onchange=" $('.filter-ajax-waiting').addClass('show');$(this).closest('form').submit();" id="frm-productFilter-categoryConstraintForm-value-1128" value="1128" aria-label="!Bylinný (22)">
                            <label for="frm-productFilter-categoryConstraintForm-value-1128">Bylinný (22)</label>
                        </div>


                            <div class="form-row">
                            <input type="checkbox" name="value[]" onchange=" $('.filter-ajax-waiting').addClass('show');$(this).closest('form').submit();" id="frm-productFilter-categoryConstraintForm-value-1113" value="1113" aria-label="!Bílá (50)">
                            <label for="frm-productFilter-categoryConstraintForm-value-1113">Bílá (50)</label>
                        </div>


                                                         <div class="form-row" style="display: none;">
                            <input type="checkbox" name="value[]" onchange=" $('.filter-ajax-waiting').addClass('show');$(this).closest('form').submit();" id="frm-productFilter-categoryConstraintForm-value-940" value="940" aria-label="!Bílá plíseň (3)">
                            <label for="frm-productFilter-categoryConstraintForm-value-940">Bílá plíseň (3)</label>
                        </div>


                                                         <div class="form-row" style="display: none;">
                            <input type="checkbox" name="value[]" onchange=" $('.filter-ajax-waiting').addClass('show');$(this).closest('form').submit();" id="frm-productFilter-categoryConstraintForm-value-909" value="909" aria-label="!Bílé (2)">
                            <label for="frm-productFilter-categoryConstraintForm-value-909">Bílé (2)</label>
                        </div>


                                                         <div class="form-row" style="display: none;">
                            <input type="checkbox" name="value[]" onchange=" $('.filter-ajax-waiting').addClass('show');$(this).closest('form').submit();" id="frm-productFilter-categoryConstraintForm-value-1047" value="1047" aria-label="!Celé (10)">
                            <label for="frm-productFilter-categoryConstraintForm-value-1047">Celé (10)</label>
                        </div>


                                                         <div class="form-row" style="display: none;">
                            <input type="checkbox" name="value[]" onchange=" $('.filter-ajax-waiting').addClass('show');$(this).closest('form').submit();" id="frm-productFilter-categoryConstraintForm-value-1207" value="1207" aria-label="!Cereálie (3)">
                            <label for="frm-productFilter-categoryConstraintForm-value-1207">Cereálie (3)</label>
                        </div>


                                                         <div class="form-row" style="display: none;">
                            <input type="checkbox" name="value[]" onchange=" $('.filter-ajax-waiting').addClass('show');$(this).closest('form').submit();" id="frm-productFilter-categoryConstraintForm-value-1206" value="1206" aria-label="!Cereálie a kukuřičné lupínky (3)">
                            <label for="frm-productFilter-categoryConstraintForm-value-1206">Cereálie a kukuřičné lupínky (3)</label>
                        </div>


                                                         <div class="form-row" style="display: none;">
                            <input type="checkbox" name="value[]" onchange=" $('.filter-ajax-waiting').addClass('show');$(this).closest('form').submit();" id="frm-productFilter-categoryConstraintForm-value-1205" value="1205" aria-label="!Cereálie a musli (3)">
                            <label for="frm-productFilter-categoryConstraintForm-value-1205">Cereálie a musli (3)</label>
                        </div>


                                                         <div class="form-row" style="display: none;">
                            <input type="checkbox" name="value[]" onchange=" $('.filter-ajax-waiting').addClass('show');$(this).closest('form').submit();" id="frm-productFilter-categoryConstraintForm-value-1213" value="1213" aria-label="!Cereální (4)">
                            <label for="frm-productFilter-categoryConstraintForm-value-1213">Cereální (4)</label>
                        </div>


                                                         <div class="form-row" style="display: none;">
                            <input type="checkbox" name="value[]" onchange=" $('.filter-ajax-waiting').addClass('show');$(this).closest('form').submit();" id="frm-productFilter-categoryConstraintForm-value-1313" value="1313" aria-label="!Chipsy (19)">
                            <label for="frm-productFilter-categoryConstraintForm-value-1313">Chipsy (19)</label>
                        </div>


                                                         <div class="form-row" style="display: none;">
                            <input type="checkbox" name="value[]" onchange=" $('.filter-ajax-waiting').addClass('show');$(this).closest('form').submit();" id="frm-productFilter-categoryConstraintForm-value-1059" value="1059" aria-label="!Chlazené paštiky (5)">
                            <label for="frm-productFilter-categoryConstraintForm-value-1059">Chlazené paštiky (5)</label>
                        </div>


                                                         <div class="form-row" style="display: none;">
                            <input type="checkbox" name="value[]" onchange=" $('.filter-ajax-waiting').addClass('show');$(this).closest('form').submit();" id="frm-productFilter-categoryConstraintForm-value-1287" value="1287" aria-label="!Chlebové a pizza směsi (1)">
                            <label for="frm-productFilter-categoryConstraintForm-value-1287">Chlebové a pizza směsi (1)</label>
                        </div>


                                                         <div class="form-row" style="display: none;">
                            <input type="checkbox" name="value[]" onchange=" $('.filter-ajax-waiting').addClass('show');$(this).closest('form').submit();" id="frm-productFilter-categoryConstraintForm-value-1029" value="1029" aria-label="!Chléb balený světlý (1)">
                            <label for="frm-productFilter-categoryConstraintForm-value-1029">Chléb balený světlý (1)</label>
                        </div>


                                                         <div class="form-row" style="display: none;">
                            <input type="checkbox" name="value[]" onchange=" $('.filter-ajax-waiting').addClass('show');$(this).closest('form').submit();" id="frm-productFilter-categoryConstraintForm-value-1030" value="1030" aria-label="!Chléb balený tmavý a vícezrnný (6)">
                            <label for="frm-productFilter-categoryConstraintForm-value-1030">Chléb balený tmavý a vícezrnný (6)</label>
                        </div>


                                                         <div class="form-row" style="display: none;">
                            <input type="checkbox" name="value[]" onchange=" $('.filter-ajax-waiting').addClass('show');$(this).closest('form').submit();" id="frm-productFilter-categoryConstraintForm-value-1031" value="1031" aria-label="!Chléb balený toastový (2)">
                            <label for="frm-productFilter-categoryConstraintForm-value-1031">Chléb balený toastový (2)</label>
                        </div>


                                                         <div class="form-row" style="display: none;">
                            <input type="checkbox" name="value[]" onchange=" $('.filter-ajax-waiting').addClass('show');$(this).closest('form').submit();" id="frm-productFilter-categoryConstraintForm-value-1032" value="1032" aria-label="!Chléb volný (1)">
                            <label for="frm-productFilter-categoryConstraintForm-value-1032">Chléb volný (1)</label>
                        </div>


                                                         <div class="form-row" style="display: none;">
                            <input type="checkbox" name="value[]" onchange=" $('.filter-ajax-waiting').addClass('show');$(this).closest('form').submit();" id="frm-productFilter-categoryConstraintForm-value-1183" value="1183" aria-label="!Cider (27)">
                            <label for="frm-productFilter-categoryConstraintForm-value-1183">Cider (27)</label>
                        </div>


                                                         <div class="form-row" style="display: none;">
                            <input type="checkbox" name="value[]" onchange=" $('.filter-ajax-waiting').addClass('show');$(this).closest('form').submit();" id="frm-productFilter-categoryConstraintForm-value-1167" value="1167" aria-label="!Citron a pomeranč (6)">
                            <label for="frm-productFilter-categoryConstraintForm-value-1167">Citron a pomeranč (6)</label>
                        </div>


                                                         <div class="form-row" style="display: none;">
                            <input type="checkbox" name="value[]" onchange=" $('.filter-ajax-waiting').addClass('show');$(this).closest('form').submit();" id="frm-productFilter-categoryConstraintForm-value-988" value="988" aria-label="!Citrusy (3)">
                            <label for="frm-productFilter-categoryConstraintForm-value-988">Citrusy (3)</label>
                        </div>


                                                         <div class="form-row" style="display: none;">
                            <input type="checkbox" name="value[]" onchange=" $('.filter-ajax-waiting').addClass('show');$(this).closest('form').submit();" id="frm-productFilter-categoryConstraintForm-value-1168" value="1168" aria-label="!Colové (9)">
                            <label for="frm-productFilter-categoryConstraintForm-value-1168">Colové (9)</label>
                        </div>


                                                         <div class="form-row" style="display: none;">
                            <input type="checkbox" name="value[]" onchange=" $('.filter-ajax-waiting').addClass('show');$(this).closest('form').submit();" id="frm-productFilter-categoryConstraintForm-value-932" value="932" aria-label="!Cottage a čerstvé (4)">
                            <label for="frm-productFilter-categoryConstraintForm-value-932">Cottage a čerstvé (4)</label>
                        </div>


                                                         <div class="form-row" style="display: none;">
                            <input type="checkbox" name="value[]" onchange=" $('.filter-ajax-waiting').addClass('show');$(this).closest('form').submit();" id="frm-productFilter-categoryConstraintForm-value-1264" value="1264" aria-label="!Cukr (13)">
                            <label for="frm-productFilter-categoryConstraintForm-value-1264">Cukr (13)</label>
                        </div>


                                                         <div class="form-row" style="display: none;">
                            <input type="checkbox" name="value[]" onchange=" $('.filter-ajax-waiting').addClass('show');$(this).closest('form').submit();" id="frm-productFilter-categoryConstraintForm-value-1413" value="1413" aria-label="!Dekorace (8)">
                            <label for="frm-productFilter-categoryConstraintForm-value-1413">Dekorace (8)</label>
                        </div>


                                                         <div class="form-row" style="display: none;">
                            <input type="checkbox" name="value[]" onchange=" $('.filter-ajax-waiting').addClass('show');$(this).closest('form').submit();" id="frm-productFilter-categoryConstraintForm-value-1412" value="1412" aria-label="!Dekorace, party, balící potřeby (26)">
                            <label for="frm-productFilter-categoryConstraintForm-value-1412">Dekorace, party, balící potřeby (26)</label>
                        </div>


                                                         <div class="form-row" style="display: none;">
                            <input type="checkbox" name="value[]" onchange=" $('.filter-ajax-waiting').addClass('show');$(this).closest('form').submit();" id="frm-productFilter-categoryConstraintForm-value-1470" value="1470" aria-label="!Deodoranty a antiperspiranty (5)">
                            <label for="frm-productFilter-categoryConstraintForm-value-1470">Deodoranty a antiperspiranty (5)</label>
                        </div>


                                                         <div class="form-row" style="display: none;">
                            <input type="checkbox" name="value[]" onchange=" $('.filter-ajax-waiting').addClass('show');$(this).closest('form').submit();" id="frm-productFilter-categoryConstraintForm-value-1917" value="1917" aria-label="!Dezertní (6)">
                            <label for="frm-productFilter-categoryConstraintForm-value-1917">Dezertní (6)</label>
                        </div>


                                                         <div class="form-row" style="display: none;">
                            <input type="checkbox" name="value[]" onchange=" $('.filter-ajax-waiting').addClass('show');$(this).closest('form').submit();" id="frm-productFilter-categoryConstraintForm-value-1793" value="1793" aria-label="!Dochucování (5)">
                            <label for="frm-productFilter-categoryConstraintForm-value-1793">Dochucování (5)</label>
                        </div>


                                                         <div class="form-row" style="display: none;">
                            <input type="checkbox" name="value[]" onchange=" $('.filter-ajax-waiting').addClass('show');$(this).closest('form').submit();" id="frm-productFilter-categoryConstraintForm-value-1416" value="1416" aria-label="!Domácí textil (1)">
                            <label for="frm-productFilter-categoryConstraintForm-value-1416">Domácí textil (1)</label>
                        </div>


                                                         <div class="form-row" style="display: none;">
                            <input type="checkbox" name="value[]" onchange=" $('.filter-ajax-waiting').addClass('show');$(this).closest('form').submit();" id="frm-productFilter-categoryConstraintForm-value-1425" value="1425" aria-label="!Doplňky (8)">
                            <label for="frm-productFilter-categoryConstraintForm-value-1425">Doplňky (8)</label>
                        </div>


                                                         <div class="form-row" style="display: none;">
                            <input type="checkbox" name="value[]" onchange=" $('.filter-ajax-waiting').addClass('show');$(this).closest('form').submit();" id="frm-productFilter-categoryConstraintForm-value-1392" value="1392" aria-label="!Doplňky stravy (5)">
                            <label for="frm-productFilter-categoryConstraintForm-value-1392">Doplňky stravy (5)</label>
                        </div>


                                                         <div class="form-row" style="display: none;">
                            <input type="checkbox" name="value[]" onchange=" $('.filter-ajax-waiting').addClass('show');$(this).closest('form').submit();" id="frm-productFilter-categoryConstraintForm-value-1216" value="1216" aria-label="!Dresingy (1)">
                            <label for="frm-productFilter-categoryConstraintForm-value-1216">Dresingy (1)</label>
                        </div>


                                                         <div class="form-row" style="display: none;">
                            <input type="checkbox" name="value[]" onchange=" $('.filter-ajax-waiting').addClass('show');$(this).closest('form').submit();" id="frm-productFilter-categoryConstraintForm-value-1215" value="1215" aria-label="!Dresingy a omáčky (7)">
                            <label for="frm-productFilter-categoryConstraintForm-value-1215">Dresingy a omáčky (7)</label>
                        </div>


                                                         <div class="form-row" style="display: none;">
                            <input type="checkbox" name="value[]" onchange=" $('.filter-ajax-waiting').addClass('show');$(this).closest('form').submit();" id="frm-productFilter-categoryConstraintForm-value-1042" value="1042" aria-label="!Drůbeží uzeniny (1)">
                            <label for="frm-productFilter-categoryConstraintForm-value-1042">Drůbeží uzeniny (1)</label>
                        </div>


                                                         <div class="form-row" style="display: none;">
                            <input type="checkbox" name="value[]" onchange=" $('.filter-ajax-waiting').addClass('show');$(this).closest('form').submit();" id="frm-productFilter-categoryConstraintForm-value-1501" value="1501" aria-label="!Dámská hygiena (5)">
                            <label for="frm-productFilter-categoryConstraintForm-value-1501">Dámská hygiena (5)</label>
                        </div>


                                                         <div class="form-row" style="display: none;">
                            <input type="checkbox" name="value[]" onchange=" $('.filter-ajax-waiting').addClass('show');$(this).closest('form').submit();" id="frm-productFilter-categoryConstraintForm-value-1487" value="1487" aria-label="!Dámské (1)">
                            <label for="frm-productFilter-categoryConstraintForm-value-1487">Dámské (1)</label>
                        </div>


                                                         <div class="form-row" style="display: none;">
                            <input type="checkbox" name="value[]" onchange=" $('.filter-ajax-waiting').addClass('show');$(this).closest('form').submit();" id="frm-productFilter-categoryConstraintForm-value-1471" value="1471" aria-label="!Dámské (18)">
                            <label for="frm-productFilter-categoryConstraintForm-value-1471">Dámské (18)</label>
                        </div>


                                                         <div class="form-row" style="display: none;">
                            <input type="checkbox" name="value[]" onchange=" $('.filter-ajax-waiting').addClass('show');$(this).closest('form').submit();" id="frm-productFilter-categoryConstraintForm-value-1509" value="1509" aria-label="!Dámské (20)">
                            <label for="frm-productFilter-categoryConstraintForm-value-1509">Dámské (20)</label>
                        </div>


                                                         <div class="form-row" style="display: none;">
                            <input type="checkbox" name="value[]" onchange=" $('.filter-ajax-waiting').addClass('show');$(this).closest('form').submit();" id="frm-productFilter-categoryConstraintForm-value-1564" value="1564" aria-label="!Dárkové sady (1)">
                            <label for="frm-productFilter-categoryConstraintForm-value-1564">Dárkové sady (1)</label>
                        </div>


                                                         <div class="form-row" style="display: none;">
                            <input type="checkbox" name="value[]" onchange=" $('.filter-ajax-waiting').addClass('show');$(this).closest('form').submit();" id="frm-productFilter-categoryConstraintForm-value-1607" value="1607" aria-label="!Dětské kaše (14)">
                            <label for="frm-productFilter-categoryConstraintForm-value-1607">Dětské kaše (14)</label>
                        </div>


                                                         <div class="form-row" style="display: none;">
                            <input type="checkbox" name="value[]" onchange=" $('.filter-ajax-waiting').addClass('show');$(this).closest('form').submit();" id="frm-productFilter-categoryConstraintForm-value-1617" value="1617" aria-label="!Dětské krémy a oleje (15)">
                            <label for="frm-productFilter-categoryConstraintForm-value-1617">Dětské krémy a oleje (15)</label>
                        </div>


                                                         <div class="form-row" style="display: none;">
                            <input type="checkbox" name="value[]" onchange=" $('.filter-ajax-waiting').addClass('show');$(this).closest('form').submit();" id="frm-productFilter-categoryConstraintForm-value-1374" value="1374" aria-label="!Dětské nádobí a příbory (1)">
                            <label for="frm-productFilter-categoryConstraintForm-value-1374">Dětské nádobí a příbory (1)</label>
                        </div>


                                                         <div class="form-row" style="display: none;">
                            <input type="checkbox" name="value[]" onchange=" $('.filter-ajax-waiting').addClass('show');$(this).closest('form').submit();" id="frm-productFilter-categoryConstraintForm-value-1148" value="1148" aria-label="!Dětské nápoje (17)">
                            <label for="frm-productFilter-categoryConstraintForm-value-1148">Dětské nápoje (17)</label>
                        </div>


                                                         <div class="form-row" style="display: none;">
                            <input type="checkbox" name="value[]" onchange=" $('.filter-ajax-waiting').addClass('show');$(this).closest('form').submit();" id="frm-productFilter-categoryConstraintForm-value-1611" value="1611" aria-label="!Dětské sušenky, tyčinky a křupky (12)">
                            <label for="frm-productFilter-categoryConstraintForm-value-1611">Dětské sušenky, tyčinky a křupky (12)</label>
                        </div>


                                                         <div class="form-row" style="display: none;">
                            <input type="checkbox" name="value[]" onchange=" $('.filter-ajax-waiting').addClass('show');$(this).closest('form').submit();" id="frm-productFilter-categoryConstraintForm-value-1336" value="1336" aria-label="!Dětské čokolády (4)">
                            <label for="frm-productFilter-categoryConstraintForm-value-1336">Dětské čokolády (4)</label>
                        </div>


                                                         <div class="form-row" style="display: none;">
                            <input type="checkbox" name="value[]" onchange=" $('.filter-ajax-waiting').addClass('show');$(this).closest('form').submit();" id="frm-productFilter-categoryConstraintForm-value-1616" value="1616" aria-label="!Dětské šampony, mycí gely a mýdla (13)">
                            <label for="frm-productFilter-categoryConstraintForm-value-1616">Dětské šampony, mycí gely a mýdla (13)</label>
                        </div>


                                                         <div class="form-row" style="display: none;">
                            <input type="checkbox" name="value[]" onchange=" $('.filter-ajax-waiting').addClass('show');$(this).closest('form').submit();" id="frm-productFilter-categoryConstraintForm-value-1398" value="1398" aria-label="!Dům a byt (2)">
                            <label for="frm-productFilter-categoryConstraintForm-value-1398">Dům a byt (2)</label>
                        </div>


                                                         <div class="form-row" style="display: none;">
                            <input type="checkbox" name="value[]" onchange=" $('.filter-ajax-waiting').addClass('show');$(this).closest('form').submit();" id="frm-productFilter-categoryConstraintForm-value-1220" value="1220" aria-label="!Džemy (5)">
                            <label for="frm-productFilter-categoryConstraintForm-value-1220">Džemy (5)</label>
                        </div>


                                                         <div class="form-row" style="display: none;">
                            <input type="checkbox" name="value[]" onchange=" $('.filter-ajax-waiting').addClass('show');$(this).closest('form').submit();" id="frm-productFilter-categoryConstraintForm-value-1145" value="1145" aria-label="!Džusy a dětské (8)">
                            <label for="frm-productFilter-categoryConstraintForm-value-1145">Džusy a dětské (8)</label>
                        </div>


                                                         <div class="form-row" style="display: none;">
                            <input type="checkbox" name="value[]" onchange=" $('.filter-ajax-waiting').addClass('show');$(this).closest('form').submit();" id="frm-productFilter-categoryConstraintForm-value-1153" value="1153" aria-label="!Energy drinky (1)">
                            <label for="frm-productFilter-categoryConstraintForm-value-1153">Energy drinky (1)</label>
                        </div>


                                                         <div class="form-row" style="display: none;">
                            <input type="checkbox" name="value[]" onchange=" $('.filter-ajax-waiting').addClass('show');$(this).closest('form').submit();" id="frm-productFilter-categoryConstraintForm-value-1490" value="1490" aria-label="!Epilace (4)">
                            <label for="frm-productFilter-categoryConstraintForm-value-1490">Epilace (4)</label>
                        </div>


                                                         <div class="form-row" style="display: none;">
                            <input type="checkbox" name="value[]" onchange=" $('.filter-ajax-waiting').addClass('show');$(this).closest('form').submit();" id="frm-productFilter-categoryConstraintForm-value-1292" value="1292" aria-label="!Fazole (1)">
                            <label for="frm-productFilter-categoryConstraintForm-value-1292">Fazole (1)</label>
                        </div>


                                                         <div class="form-row" style="display: none;">
                            <input type="checkbox" name="value[]" onchange=" $('.filter-ajax-waiting').addClass('show');$(this).closest('form').submit();" id="frm-productFilter-categoryConstraintForm-value-1233" value="1233" aria-label="!Feferony a papriky (6)">
                            <label for="frm-productFilter-categoryConstraintForm-value-1233">Feferony a papriky (6)</label>
                        </div>


                                                         <div class="form-row" style="display: none;">
                            <input type="checkbox" name="value[]" onchange=" $('.filter-ajax-waiting').addClass('show');$(this).closest('form').submit();" id="frm-productFilter-categoryConstraintForm-value-1452" value="1452" aria-label="!Gely (34)">
                            <label for="frm-productFilter-categoryConstraintForm-value-1452">Gely (34)</label>
                        </div>


                                                         <div class="form-row" style="display: none;">
                            <input type="checkbox" name="value[]" onchange=" $('.filter-ajax-waiting').addClass('show');$(this).closest('form').submit();" id="frm-productFilter-categoryConstraintForm-value-1548" value="1548" aria-label="!Gely (4)">
                            <label for="frm-productFilter-categoryConstraintForm-value-1548">Gely (4)</label>
                        </div>


                                                         <div class="form-row" style="display: none;">
                            <input type="checkbox" name="value[]" onchange=" $('.filter-ajax-waiting').addClass('show');$(this).closest('form').submit();" id="frm-productFilter-categoryConstraintForm-value-1520" value="1520" aria-label="!Gely (8)">
                            <label for="frm-productFilter-categoryConstraintForm-value-1520">Gely (8)</label>
                        </div>


                                                         <div class="form-row" style="display: none;">
                            <input type="checkbox" name="value[]" onchange=" $('.filter-ajax-waiting').addClass('show');$(this).closest('form').submit();" id="frm-productFilter-categoryConstraintForm-value-1104" value="1104" aria-label="!Gin a absinth (10)">
                            <label for="frm-productFilter-categoryConstraintForm-value-1104">Gin a absinth (10)</label>
                        </div>


                                                         <div class="form-row" style="display: none;">
                            <input type="checkbox" name="value[]" onchange=" $('.filter-ajax-waiting').addClass('show');$(this).closest('form').submit();" id="frm-productFilter-categoryConstraintForm-value-1579" value="1579" aria-label="!Granule a směsi pro kočky (21)">
                            <label for="frm-productFilter-categoryConstraintForm-value-1579">Granule a směsi pro kočky (21)</label>
                        </div>


                                                         <div class="form-row" style="display: none;">
                            <input type="checkbox" name="value[]" onchange=" $('.filter-ajax-waiting').addClass('show');$(this).closest('form').submit();" id="frm-productFilter-categoryConstraintForm-value-1574" value="1574" aria-label="!Granule a směsi pro psy (15)">
                            <label for="frm-productFilter-categoryConstraintForm-value-1574">Granule a směsi pro psy (15)</label>
                        </div>


                                                         <div class="form-row" style="display: none;">
                            <input type="checkbox" name="value[]" onchange=" $('.filter-ajax-waiting').addClass('show');$(this).closest('form').submit();" id="frm-productFilter-categoryConstraintForm-value-1435" value="1435" aria-label="!Grilovací nádobí a náčiní (13)">
                            <label for="frm-productFilter-categoryConstraintForm-value-1435">Grilovací nádobí a náčiní (13)</label>
                        </div>


                                                         <div class="form-row" style="display: none;">
                            <input type="checkbox" name="value[]" onchange=" $('.filter-ajax-waiting').addClass('show');$(this).closest('form').submit();" id="frm-productFilter-categoryConstraintForm-value-1433" value="1433" aria-label="!Grily (9)">
                            <label for="frm-productFilter-categoryConstraintForm-value-1433">Grily (9)</label>
                        </div>


                                                         <div class="form-row" style="display: none;">
                            <input type="checkbox" name="value[]" onchange=" $('.filter-ajax-waiting').addClass('show');$(this).closest('form').submit();" id="frm-productFilter-categoryConstraintForm-value-1421" value="1421" aria-label="!Hnojiva a ochrana rostlin (12)">
                            <label for="frm-productFilter-categoryConstraintForm-value-1421">Hnojiva a ochrana rostlin (12)</label>
                        </div>


                                                         <div class="form-row" style="display: none;">
                            <input type="checkbox" name="value[]" onchange=" $('.filter-ajax-waiting').addClass('show');$(this).closest('form').submit();" id="frm-productFilter-categoryConstraintForm-value-1161" value="1161" aria-label="!Horké nápoje (4)">
                            <label for="frm-productFilter-categoryConstraintForm-value-1161">Horké nápoje (4)</label>
                        </div>


                                                         <div class="form-row" style="display: none;">
                            <input type="checkbox" name="value[]" onchange=" $('.filter-ajax-waiting').addClass('show');$(this).closest('form').submit();" id="frm-productFilter-categoryConstraintForm-value-1158" value="1158" aria-label="!Horké čokolády (2)">
                            <label for="frm-productFilter-categoryConstraintForm-value-1158">Horké čokolády (2)</label>
                        </div>


                                                         <div class="form-row" style="display: none;">
                            <input type="checkbox" name="value[]" onchange=" $('.filter-ajax-waiting').addClass('show');$(this).closest('form').submit();" id="frm-productFilter-categoryConstraintForm-value-1077" value="1077" aria-label="!Hotová jídla (1)">
                            <label for="frm-productFilter-categoryConstraintForm-value-1077">Hotová jídla (1)</label>
                        </div>


                                                         <div class="form-row" style="display: none;">
                            <input type="checkbox" name="value[]" onchange=" $('.filter-ajax-waiting').addClass('show');$(this).closest('form').submit();" id="frm-productFilter-categoryConstraintForm-value-1056" value="1056" aria-label="!Hotová jídla (5)">
                            <label for="frm-productFilter-categoryConstraintForm-value-1056">Hotová jídla (5)</label>
                        </div>


                                                         <div class="form-row" style="display: none;">
                            <input type="checkbox" name="value[]" onchange=" $('.filter-ajax-waiting').addClass('show');$(this).closest('form').submit();" id="frm-productFilter-categoryConstraintForm-value-1057" value="1057" aria-label="!Hotová těsta (2)">
                            <label for="frm-productFilter-categoryConstraintForm-value-1057">Hotová těsta (2)</label>
                        </div>


                                                         <div class="form-row" style="display: none;">
                            <input type="checkbox" name="value[]" onchange=" $('.filter-ajax-waiting').addClass('show');$(this).closest('form').submit();" id="frm-productFilter-categoryConstraintForm-value-1240" value="1240" aria-label="!Houby (2)">
                            <label for="frm-productFilter-categoryConstraintForm-value-1240">Houby (2)</label>
                        </div>


                                                         <div class="form-row" style="display: none;">
                            <input type="checkbox" name="value[]" onchange=" $('.filter-ajax-waiting').addClass('show');$(this).closest('form').submit();" id="frm-productFilter-categoryConstraintForm-value-1227" value="1227" aria-label="!Hořčice (6)">
                            <label for="frm-productFilter-categoryConstraintForm-value-1227">Hořčice (6)</label>
                        </div>


                                                         <div class="form-row" style="display: none;">
                            <input type="checkbox" name="value[]" onchange=" $('.filter-ajax-waiting').addClass('show');$(this).closest('form').submit();" id="frm-productFilter-categoryConstraintForm-value-1889" value="1889" aria-label="!Hranolky (1)">
                            <label for="frm-productFilter-categoryConstraintForm-value-1889">Hranolky (1)</label>
                        </div>


                                                         <div class="form-row" style="display: none;">
                            <input type="checkbox" name="value[]" onchange=" $('.filter-ajax-waiting').addClass('show');$(this).closest('form').submit();" id="frm-productFilter-categoryConstraintForm-value-1082" value="1082" aria-label="!Hranolky a krokety (2)">
                            <label for="frm-productFilter-categoryConstraintForm-value-1082">Hranolky a krokety (2)</label>
                        </div>


                                                         <div class="form-row" style="display: none;">
                            <input type="checkbox" name="value[]" onchange=" $('.filter-ajax-waiting').addClass('show');$(this).closest('form').submit();" id="frm-productFilter-categoryConstraintForm-value-1366" value="1366" aria-label="!Hračky (5)">
                            <label for="frm-productFilter-categoryConstraintForm-value-1366">Hračky (5)</label>
                        </div>


                                                         <div class="form-row" style="display: none;">
                            <input type="checkbox" name="value[]" onchange=" $('.filter-ajax-waiting').addClass('show');$(this).closest('form').submit();" id="frm-productFilter-categoryConstraintForm-value-1577" value="1577" aria-label="!Hračky a pleny pro psy (3)">
                            <label for="frm-productFilter-categoryConstraintForm-value-1577">Hračky a pleny pro psy (3)</label>
                        </div>


                                                         <div class="form-row" style="display: none;">
                            <input type="checkbox" name="value[]" onchange=" $('.filter-ajax-waiting').addClass('show');$(this).closest('form').submit();" id="frm-productFilter-categoryConstraintForm-value-1368" value="1368" aria-label="!Hračky pro holky i kluky (9)">
                            <label for="frm-productFilter-categoryConstraintForm-value-1368">Hračky pro holky i kluky (9)</label>
                        </div>


                                                         <div class="form-row" style="display: none;">
                            <input type="checkbox" name="value[]" onchange=" $('.filter-ajax-waiting').addClass('show');$(this).closest('form').submit();" id="frm-productFilter-categoryConstraintForm-value-1583" value="1583" aria-label="!Hračky pro kočky (1)">
                            <label for="frm-productFilter-categoryConstraintForm-value-1583">Hračky pro kočky (1)</label>
                        </div>


                                                         <div class="form-row" style="display: none;">
                            <input type="checkbox" name="value[]" onchange=" $('.filter-ajax-waiting').addClass('show');$(this).closest('form').submit();" id="frm-productFilter-categoryConstraintForm-value-1367" value="1367" aria-label="!Hračky pro nejmenší (3)">
                            <label for="frm-productFilter-categoryConstraintForm-value-1367">Hračky pro nejmenší (3)</label>
                        </div>


                                                         <div class="form-row" style="display: none;">
                            <input type="checkbox" name="value[]" onchange=" $('.filter-ajax-waiting').addClass('show');$(this).closest('form').submit();" id="frm-productFilter-categoryConstraintForm-value-1369" value="1369" aria-label="!Hry (2)">
                            <label for="frm-productFilter-categoryConstraintForm-value-1369">Hry (2)</label>
                        </div>


                                                         <div class="form-row" style="display: none;">
                            <input type="checkbox" name="value[]" onchange=" $('.filter-ajax-waiting').addClass('show');$(this).closest('form').submit();" id="frm-productFilter-categoryConstraintForm-value-1062" value="1062" aria-label="!Hummus (2)">
                            <label for="frm-productFilter-categoryConstraintForm-value-1062">Hummus (2)</label>
                        </div>


                                                         <div class="form-row" style="display: none;">
                            <input type="checkbox" name="value[]" onchange=" $('.filter-ajax-waiting').addClass('show');$(this).closest('form').submit();" id="frm-productFilter-categoryConstraintForm-value-1378" value="1378" aria-label="!Hygienické potřeby a kosmetika (4)">
                            <label for="frm-productFilter-categoryConstraintForm-value-1378">Hygienické potřeby a kosmetika (4)</label>
                        </div>


                                                         <div class="form-row" style="display: none;">
                            <input type="checkbox" name="value[]" onchange=" $('.filter-ajax-waiting').addClass('show');$(this).closest('form').submit();" id="frm-productFilter-categoryConstraintForm-value-1138" value="1138" aria-label="!Instantní (10)">
                            <label for="frm-productFilter-categoryConstraintForm-value-1138">Instantní (10)</label>
                        </div>


                                                         <div class="form-row" style="display: none;">
                            <input type="checkbox" name="value[]" onchange=" $('.filter-ajax-waiting').addClass('show');$(this).closest('form').submit();" id="frm-productFilter-categoryConstraintForm-value-1224" value="1224" aria-label="!Instantní jídla (4)">
                            <label for="frm-productFilter-categoryConstraintForm-value-1224">Instantní jídla (4)</label>
                        </div>


                                                         <div class="form-row" style="display: none;">
                            <input type="checkbox" name="value[]" onchange=" $('.filter-ajax-waiting').addClass('show');$(this).closest('form').submit();" id="frm-productFilter-categoryConstraintForm-value-1159" value="1159" aria-label="!Instantní kakao (3)">
                            <label for="frm-productFilter-categoryConstraintForm-value-1159">Instantní kakao (3)</label>
                        </div>


                                                         <div class="form-row" style="display: none;">
                            <input type="checkbox" name="value[]" onchange=" $('.filter-ajax-waiting').addClass('show');$(this).closest('form').submit();" id="frm-productFilter-categoryConstraintForm-value-1225" value="1225" aria-label="!Instantní polévky (15)">
                            <label for="frm-productFilter-categoryConstraintForm-value-1225">Instantní polévky (15)</label>
                        </div>


                                                         <div class="form-row" style="display: none;">
                            <input type="checkbox" name="value[]" onchange=" $('.filter-ajax-waiting').addClass('show');$(this).closest('form').submit();" id="frm-productFilter-categoryConstraintForm-value-1506" value="1506" aria-label="!Intimní hygiena (7)">
                            <label for="frm-productFilter-categoryConstraintForm-value-1506">Intimní hygiena (7)</label>
                        </div>


                                                         <div class="form-row" style="display: none;">
                            <input type="checkbox" name="value[]" onchange=" $('.filter-ajax-waiting').addClass('show');$(this).closest('form').submit();" id="frm-productFilter-categoryConstraintForm-value-1154" value="1154" aria-label="!Iontové nápoje (6)">
                            <label for="frm-productFilter-categoryConstraintForm-value-1154">Iontové nápoje (6)</label>
                        </div>


                                                         <div class="form-row" style="display: none;">
                            <input type="checkbox" name="value[]" onchange=" $('.filter-ajax-waiting').addClass('show');$(this).closest('form').submit();" id="frm-productFilter-categoryConstraintForm-value-990" value="990" aria-label="!Jablka a hrušky (1)">
                            <label for="frm-productFilter-categoryConstraintForm-value-990">Jablka a hrušky (1)</label>
                        </div>


                                                         <div class="form-row" style="display: none;">
                            <input type="checkbox" name="value[]" onchange=" $('.filter-ajax-waiting').addClass('show');$(this).closest('form').submit();" id="frm-productFilter-categoryConstraintForm-value-991" value="991" aria-label="!Jahody a lesní plody (2)">
                            <label for="frm-productFilter-categoryConstraintForm-value-991">Jahody a lesní plody (2)</label>
                        </div>


                                                         <div class="form-row" style="display: none;">
                            <input type="checkbox" name="value[]" onchange=" $('.filter-ajax-waiting').addClass('show');$(this).closest('form').submit();" id="frm-productFilter-categoryConstraintForm-value-964" value="964" aria-label="!Jalovice, kráva (2)">
                            <label for="frm-productFilter-categoryConstraintForm-value-964">Jalovice, kráva (2)</label>
                        </div>


                                                         <div class="form-row" style="display: none;">
                            <input type="checkbox" name="value[]" onchange=" $('.filter-ajax-waiting').addClass('show');$(this).closest('form').submit();" id="frm-productFilter-categoryConstraintForm-value-1234" value="1234" aria-label="!Jednodruhová zelenina (11)">
                            <label for="frm-productFilter-categoryConstraintForm-value-1234">Jednodruhová zelenina (11)</label>
                        </div>


                                                         <div class="form-row" style="display: none;">
                            <input type="checkbox" name="value[]" onchange=" $('.filter-ajax-waiting').addClass('show');$(this).closest('form').submit();" id="frm-productFilter-categoryConstraintForm-value-1322" value="1322" aria-label="!Jednodruhové (10)">
                            <label for="frm-productFilter-categoryConstraintForm-value-1322">Jednodruhové (10)</label>
                        </div>


                                                         <div class="form-row" style="display: none;">
                            <input type="checkbox" name="value[]" onchange=" $('.filter-ajax-waiting').addClass('show');$(this).closest('form').submit();" id="frm-productFilter-categoryConstraintForm-value-1585" value="1585" aria-label="!Jednorázové pleny (3)">
                            <label for="frm-productFilter-categoryConstraintForm-value-1585">Jednorázové pleny (3)</label>
                        </div>


                                                         <div class="form-row" style="display: none;">
                            <input type="checkbox" name="value[]" onchange=" $('.filter-ajax-waiting').addClass('show');$(this).closest('form').submit();" id="frm-productFilter-categoryConstraintForm-value-1387" value="1387" aria-label="!Kancelářské potřeby (26)">
                            <label for="frm-productFilter-categoryConstraintForm-value-1387">Kancelářské potřeby (26)</label>
                        </div>


                                                         <div class="form-row" style="display: none;">
                            <input type="checkbox" name="value[]" onchange=" $('.filter-ajax-waiting').addClass('show');$(this).closest('form').submit();" id="frm-productFilter-categoryConstraintForm-value-1581" value="1581" aria-label="!Kapsičky pro kočky (40)">
                            <label for="frm-productFilter-categoryConstraintForm-value-1581">Kapsičky pro kočky (40)</label>
                        </div>


                                                         <div class="form-row" style="display: none;">
                            <input type="checkbox" name="value[]" onchange=" $('.filter-ajax-waiting').addClass('show');$(this).closest('form').submit();" id="frm-productFilter-categoryConstraintForm-value-1578" value="1578" aria-label="!Kapsičky pro psy (3)">
                            <label for="frm-productFilter-categoryConstraintForm-value-1578">Kapsičky pro psy (3)</label>
                        </div>


                                                         <div class="form-row" style="display: none;">
                            <input type="checkbox" name="value[]" onchange=" $('.filter-ajax-waiting').addClass('show');$(this).closest('form').submit();" id="frm-productFilter-categoryConstraintForm-value-1139" value="1139" aria-label="!Kapsle (16)">
                            <label for="frm-productFilter-categoryConstraintForm-value-1139">Kapsle (16)</label>
                        </div>


                                                         <div class="form-row" style="display: none;">
                            <input type="checkbox" name="value[]" onchange=" $('.filter-ajax-waiting').addClass('show');$(this).closest('form').submit();" id="frm-productFilter-categoryConstraintForm-value-1453" value="1453" aria-label="!Kapsle (5)">
                            <label for="frm-productFilter-categoryConstraintForm-value-1453">Kapsle (5)</label>
                        </div>


                                                         <div class="form-row" style="display: none;">
                            <input type="checkbox" name="value[]" onchange=" $('.filter-ajax-waiting').addClass('show');$(this).closest('form').submit();" id="frm-productFilter-categoryConstraintForm-value-1065" value="1065" aria-label="!Kaviár (2)">
                            <label for="frm-productFilter-categoryConstraintForm-value-1065">Kaviár (2)</label>
                        </div>


                                                         <div class="form-row" style="display: none;">
                            <input type="checkbox" name="value[]" onchange=" $('.filter-ajax-waiting').addClass('show');$(this).closest('form').submit();" id="frm-productFilter-categoryConstraintForm-value-1228" value="1228" aria-label="!Kečupy (1)">
                            <label for="frm-productFilter-categoryConstraintForm-value-1228">Kečupy (1)</label>
                        </div>


                                                         <div class="form-row" style="display: none;">
                            <input type="checkbox" name="value[]" onchange=" $('.filter-ajax-waiting').addClass('show');$(this).closest('form').submit();" id="frm-productFilter-categoryConstraintForm-value-1226" value="1226" aria-label="!Kečupy, hořčice, křeny a protlaky (4)">
                            <label for="frm-productFilter-categoryConstraintForm-value-1226">Kečupy, hořčice, křeny a protlaky (4)</label>
                        </div>


                                                         <div class="form-row" style="display: none;">
                            <input type="checkbox" name="value[]" onchange=" $('.filter-ajax-waiting').addClass('show');$(this).closest('form').submit();" id="frm-productFilter-categoryConstraintForm-value-1503" value="1503" aria-label="!Klasické (3)">
                            <label for="frm-productFilter-categoryConstraintForm-value-1503">Klasické (3)</label>
                        </div>


                                                         <div class="form-row" style="display: none;">
                            <input type="checkbox" name="value[]" onchange=" $('.filter-ajax-waiting').addClass('show');$(this).closest('form').submit();" id="frm-productFilter-categoryConstraintForm-value-1044" value="1044" aria-label="!Klobásy (4)">
                            <label for="frm-productFilter-categoryConstraintForm-value-1044">Klobásy (4)</label>
                        </div>


                                                         <div class="form-row" style="display: none;">
                            <input type="checkbox" name="value[]" onchange=" $('.filter-ajax-waiting').addClass('show');$(this).closest('form').submit();" id="frm-productFilter-categoryConstraintForm-value-1284" value="1284" aria-label="!Knedlíky v prášku (3)">
                            <label for="frm-productFilter-categoryConstraintForm-value-1284">Knedlíky v prášku (3)</label>
                        </div>


                                                         <div class="form-row" style="display: none;">
                            <input type="checkbox" name="value[]" onchange=" $('.filter-ajax-waiting').addClass('show');$(this).closest('form').submit();" id="frm-productFilter-categoryConstraintForm-value-1602" value="1602" aria-label="!Kojenecké mléko a výživa (1)">
                            <label for="frm-productFilter-categoryConstraintForm-value-1602">Kojenecké mléko a výživa (1)</label>
                        </div>


                                                         <div class="form-row" style="display: none;">
                            <input type="checkbox" name="value[]" onchange=" $('.filter-ajax-waiting').addClass('show');$(this).closest('form').submit();" id="frm-productFilter-categoryConstraintForm-value-1370" value="1370" aria-label="!Kojenecké potřeby (1)">
                            <label for="frm-productFilter-categoryConstraintForm-value-1370">Kojenecké potřeby (1)</label>
                        </div>


                                                         <div class="form-row" style="display: none;">
                            <input type="checkbox" name="value[]" onchange=" $('.filter-ajax-waiting').addClass('show');$(this).closest('form').submit();" id="frm-productFilter-categoryConstraintForm-value-1608" value="1608" aria-label="!Kojenecké příkrmy (1)">
                            <label for="frm-productFilter-categoryConstraintForm-value-1608">Kojenecké příkrmy (1)</label>
                        </div>


                                                         <div class="form-row" style="display: none;">
                            <input type="checkbox" name="value[]" onchange=" $('.filter-ajax-waiting').addClass('show');$(this).closest('form').submit();" id="frm-productFilter-categoryConstraintForm-value-1612" value="1612" aria-label="!Kojenecké vody a nápoje (2)">
                            <label for="frm-productFilter-categoryConstraintForm-value-1612">Kojenecké vody a nápoje (2)</label>
                        </div>


                                                         <div class="form-row" style="display: none;">
                            <input type="checkbox" name="value[]" onchange=" $('.filter-ajax-waiting').addClass('show');$(this).closest('form').submit();" id="frm-productFilter-categoryConstraintForm-value-1083" value="1083" aria-label="!Koláče a dorty (2)">
                            <label for="frm-productFilter-categoryConstraintForm-value-1083">Koláče a dorty (2)</label>
                        </div>


                                                         <div class="form-row" style="display: none;">
                            <input type="checkbox" name="value[]" onchange=" $('.filter-ajax-waiting').addClass('show');$(this).closest('form').submit();" id="frm-productFilter-categoryConstraintForm-value-1202" value="1202" aria-label="!Koncentráty (3)">
                            <label for="frm-productFilter-categoryConstraintForm-value-1202">Koncentráty (3)</label>
                        </div>


                                                         <div class="form-row" style="display: none;">
                            <input type="checkbox" name="value[]" onchange=" $('.filter-ajax-waiting').addClass('show');$(this).closest('form').submit();" id="frm-productFilter-categoryConstraintForm-value-1518" value="1518" aria-label="!Kondicionéry (33)">
                            <label for="frm-productFilter-categoryConstraintForm-value-1518">Kondicionéry (33)</label>
                        </div>


                                                         <div class="form-row" style="display: none;">
                            <input type="checkbox" name="value[]" onchange=" $('.filter-ajax-waiting').addClass('show');$(this).closest('form').submit();" id="frm-productFilter-categoryConstraintForm-value-1560" value="1560" aria-label="!Kondomy (9)">
                            <label for="frm-productFilter-categoryConstraintForm-value-1560">Kondomy (9)</label>
                        </div>


                                                         <div class="form-row" style="display: none;">
                            <input type="checkbox" name="value[]" onchange=" $('.filter-ajax-waiting').addClass('show');$(this).closest('form').submit();" id="frm-productFilter-categoryConstraintForm-value-1231" value="1231" aria-label="!Konzervované potraviny (8)">
                            <label for="frm-productFilter-categoryConstraintForm-value-1231">Konzervované potraviny (8)</label>
                        </div>


                                                         <div class="form-row" style="display: none;">
                            <input type="checkbox" name="value[]" onchange=" $('.filter-ajax-waiting').addClass('show');$(this).closest('form').submit();" id="frm-productFilter-categoryConstraintForm-value-1580" value="1580" aria-label="!Konzervy pro kočky (12)">
                            <label for="frm-productFilter-categoryConstraintForm-value-1580">Konzervy pro kočky (12)</label>
                        </div>


                                                         <div class="form-row" style="display: none;">
                            <input type="checkbox" name="value[]" onchange=" $('.filter-ajax-waiting').addClass('show');$(this).closest('form').submit();" id="frm-productFilter-categoryConstraintForm-value-1575" value="1575" aria-label="!Konzervy pro psy (12)">
                            <label for="frm-productFilter-categoryConstraintForm-value-1575">Konzervy pro psy (12)</label>
                        </div>


                                                         <div class="form-row" style="display: none;">
                            <input type="checkbox" name="value[]" onchange=" $('.filter-ajax-waiting').addClass('show');$(this).closest('form').submit();" id="frm-productFilter-categoryConstraintForm-value-1458" value="1458" aria-label="!Koupelna (4)">
                            <label for="frm-productFilter-categoryConstraintForm-value-1458">Koupelna (4)</label>
                        </div>


                                                         <div class="form-row" style="display: none;">
                            <input type="checkbox" name="value[]" onchange=" $('.filter-ajax-waiting').addClass('show');$(this).closest('form').submit();" id="frm-productFilter-categoryConstraintForm-value-934" value="934" aria-label="!Kozí (1)">
                            <label for="frm-productFilter-categoryConstraintForm-value-934">Kozí (1)</label>
                        </div>


                                                         <div class="form-row" style="display: none;">
                            <input type="checkbox" name="value[]" onchange=" $('.filter-ajax-waiting').addClass('show');$(this).closest('form').submit();" id="frm-productFilter-categoryConstraintForm-value-1013" value="1013" aria-label="!Kořenová zelenina (1)">
                            <label for="frm-productFilter-categoryConstraintForm-value-1013">Kořenová zelenina (1)</label>
                        </div>


                                                         <div class="form-row" style="display: none;">
                            <input type="checkbox" name="value[]" onchange=" $('.filter-ajax-waiting').addClass('show');$(this).closest('form').submit();" id="frm-productFilter-categoryConstraintForm-value-1261" value="1261" aria-label="!Koření (22)">
                            <label for="frm-productFilter-categoryConstraintForm-value-1261">Koření (22)</label>
                        </div>


                                                         <div class="form-row" style="display: none;">
                            <input type="checkbox" name="value[]" onchange=" $('.filter-ajax-waiting').addClass('show');$(this).closest('form').submit();" id="frm-productFilter-categoryConstraintForm-value-1259" value="1259" aria-label="!Koření, bujóny, ochucovadla (17)">
                            <label for="frm-productFilter-categoryConstraintForm-value-1259">Koření, bujóny, ochucovadla (17)</label>
                        </div>


                                                         <div class="form-row" style="display: none;">
                            <input type="checkbox" name="value[]" onchange=" $('.filter-ajax-waiting').addClass('show');$(this).closest('form').submit();" id="frm-productFilter-categoryConstraintForm-value-1014" value="1014" aria-label="!Košťálová zelenina (1)">
                            <label for="frm-productFilter-categoryConstraintForm-value-1014">Košťálová zelenina (1)</label>
                        </div>


                                                         <div class="form-row" style="display: none;">
                            <input type="checkbox" name="value[]" onchange=" $('.filter-ajax-waiting').addClass('show');$(this).closest('form').submit();" id="frm-productFilter-categoryConstraintForm-value-1314" value="1314" aria-label="!Krekry (5)">
                            <label for="frm-productFilter-categoryConstraintForm-value-1314">Krekry (5)</label>
                        </div>


                                                         <div class="form-row" style="display: none;">
                            <input type="checkbox" name="value[]" onchange=" $('.filter-ajax-waiting').addClass('show');$(this).closest('form').submit();" id="frm-productFilter-categoryConstraintForm-value-1358" value="1358" aria-label="!Krmiva (1)">
                            <label for="frm-productFilter-categoryConstraintForm-value-1358">Krmiva (1)</label>
                        </div>


                                                         <div class="form-row" style="display: none;">
                            <input type="checkbox" name="value[]" onchange=" $('.filter-ajax-waiting').addClass('show');$(this).closest('form').submit();" id="frm-productFilter-categoryConstraintForm-value-1890" value="1890" aria-label="!Krokety (1)">
                            <label for="frm-productFilter-categoryConstraintForm-value-1890">Krokety (1)</label>
                        </div>


                                                         <div class="form-row" style="display: none;">
                            <input type="checkbox" name="value[]" onchange=" $('.filter-ajax-waiting').addClass('show');$(this).closest('form').submit();" id="frm-productFilter-categoryConstraintForm-value-1811" value="1811" aria-label="!Krájené (1)">
                            <label for="frm-productFilter-categoryConstraintForm-value-1811">Krájené (1)</label>
                        </div>


                                                         <div class="form-row" style="display: none;">
                            <input type="checkbox" name="value[]" onchange=" $('.filter-ajax-waiting').addClass('show');$(this).closest('form').submit();" id="frm-productFilter-categoryConstraintForm-value-1048" value="1048" aria-label="!Krájené (8)">
                            <label for="frm-productFilter-categoryConstraintForm-value-1048">Krájené (8)</label>
                        </div>


                                                         <div class="form-row" style="display: none;">
                            <input type="checkbox" name="value[]" onchange=" $('.filter-ajax-waiting').addClass('show');$(this).closest('form').submit();" id="frm-productFilter-categoryConstraintForm-value-1671" value="1671" aria-label="!Krémové (7)">
                            <label for="frm-productFilter-categoryConstraintForm-value-1671">Krémové (7)</label>
                        </div>


                                                         <div class="form-row" style="display: none;">
                            <input type="checkbox" name="value[]" onchange=" $('.filter-ajax-waiting').addClass('show');$(this).closest('form').submit();" id="frm-productFilter-categoryConstraintForm-value-956" value="956" aria-label="!Krůta (1)">
                            <label for="frm-productFilter-categoryConstraintForm-value-956">Krůta (1)</label>
                        </div>


                            <div class="form-row">
                            <input type="checkbox" name="value[]" onchange=" $('.filter-ajax-waiting').addClass('show');$(this).closest('form').submit();" id="frm-productFilter-categoryConstraintForm-value-1384" value="1384" aria-label="!Kuchyně (51)">
                            <label for="frm-productFilter-categoryConstraintForm-value-1384">Kuchyně (51)</label>
                        </div>


                                                         <div class="form-row" style="display: none;">
                            <input type="checkbox" name="value[]" onchange=" $('.filter-ajax-waiting').addClass('show');$(this).closest('form').submit();" id="frm-productFilter-categoryConstraintForm-value-1801" value="1801" aria-label="!Kuchyňské náčiní (16)">
                            <label for="frm-productFilter-categoryConstraintForm-value-1801">Kuchyňské náčiní (16)</label>
                        </div>


                                                         <div class="form-row" style="display: none;">
                            <input type="checkbox" name="value[]" onchange=" $('.filter-ajax-waiting').addClass('show');$(this).closest('form').submit();" id="frm-productFilter-categoryConstraintForm-value-1797" value="1797" aria-label="!Kuchyňské potřeby (2)">
                            <label for="frm-productFilter-categoryConstraintForm-value-1797">Kuchyňské potřeby (2)</label>
                        </div>


                                                         <div class="form-row" style="display: none;">
                            <input type="checkbox" name="value[]" onchange=" $('.filter-ajax-waiting').addClass('show');$(this).closest('form').submit();" id="frm-productFilter-categoryConstraintForm-value-1557" value="1557" aria-label="!Kuchyňské utěrky (1)">
                            <label for="frm-productFilter-categoryConstraintForm-value-1557">Kuchyňské utěrky (1)</label>
                        </div>


                                                         <div class="form-row" style="display: none;">
                            <input type="checkbox" name="value[]" onchange=" $('.filter-ajax-waiting').addClass('show');$(this).closest('form').submit();" id="frm-productFilter-categoryConstraintForm-value-1237" value="1237" aria-label="!Kukuřice (2)">
                            <label for="frm-productFilter-categoryConstraintForm-value-1237">Kukuřice (2)</label>
                        </div>


                                                         <div class="form-row" style="display: none;">
                            <input type="checkbox" name="value[]" onchange=" $('.filter-ajax-waiting').addClass('show');$(this).closest('form').submit();" id="frm-productFilter-categoryConstraintForm-value-1208" value="1208" aria-label="!Kukuřičné lupínky (3)">
                            <label for="frm-productFilter-categoryConstraintForm-value-1208">Kukuřičné lupínky (3)</label>
                        </div>


                                                         <div class="form-row" style="display: none;">
                            <input type="checkbox" name="value[]" onchange=" $('.filter-ajax-waiting').addClass('show');$(this).closest('form').submit();" id="frm-productFilter-categoryConstraintForm-value-957" value="957" aria-label="!Kuře (2)">
                            <label for="frm-productFilter-categoryConstraintForm-value-957">Kuře (2)</label>
                        </div>


                                                         <div class="form-row" style="display: none;">
                            <input type="checkbox" name="value[]" onchange=" $('.filter-ajax-waiting').addClass('show');$(this).closest('form').submit();" id="frm-productFilter-categoryConstraintForm-value-1135" value="1135" aria-label="!Káva (2)">
                            <label for="frm-productFilter-categoryConstraintForm-value-1135">Káva (2)</label>
                        </div>


                                                         <div class="form-row" style="display: none;">
                            <input type="checkbox" name="value[]" onchange=" $('.filter-ajax-waiting').addClass('show');$(this).closest('form').submit();" id="frm-productFilter-categoryConstraintForm-value-1521" value="1521" aria-label="!Laky (13)">
                            <label for="frm-productFilter-categoryConstraintForm-value-1521">Laky (13)</label>
                        </div>


                                                         <div class="form-row" style="display: none;">
                            <input type="checkbox" name="value[]" onchange=" $('.filter-ajax-waiting').addClass('show');$(this).closest('form').submit();" id="frm-productFilter-categoryConstraintForm-value-1165" value="1165" aria-label="!Ledové čaje (6)">
                            <label for="frm-productFilter-categoryConstraintForm-value-1165">Ledové čaje (6)</label>
                        </div>


                                                         <div class="form-row" style="display: none;">
                            <input type="checkbox" name="value[]" onchange=" $('.filter-ajax-waiting').addClass('show');$(this).closest('form').submit();" id="frm-productFilter-categoryConstraintForm-value-1551" value="1551" aria-label="!Leštidla a oplachovače (1)">
                            <label for="frm-productFilter-categoryConstraintForm-value-1551">Leštidla a oplachovače (1)</label>
                        </div>


                                                         <div class="form-row" style="display: none;">
                            <input type="checkbox" name="value[]" onchange=" $('.filter-ajax-waiting').addClass('show');$(this).closest('form').submit();" id="frm-productFilter-categoryConstraintForm-value-1184" value="1184" aria-label="!Ležák (11)">
                            <label for="frm-productFilter-categoryConstraintForm-value-1184">Ležák (11)</label>
                        </div>


                                                         <div class="form-row" style="display: none;">
                            <input type="checkbox" name="value[]" onchange=" $('.filter-ajax-waiting').addClass('show');$(this).closest('form').submit();" id="frm-productFilter-categoryConstraintForm-value-1101" value="1101" aria-label="!Lihoviny (7)">
                            <label for="frm-productFilter-categoryConstraintForm-value-1101">Lihoviny (7)</label>
                        </div>


                                                         <div class="form-row" style="display: none;">
                            <input type="checkbox" name="value[]" onchange=" $('.filter-ajax-waiting').addClass('show');$(this).closest('form').submit();" id="frm-productFilter-categoryConstraintForm-value-1105" value="1105" aria-label="!Likéry (15)">
                            <label for="frm-productFilter-categoryConstraintForm-value-1105">Likéry (15)</label>
                        </div>


                                                         <div class="form-row" style="display: none;">
                            <input type="checkbox" name="value[]" onchange=" $('.filter-ajax-waiting').addClass('show');$(this).closest('form').submit();" id="frm-productFilter-categoryConstraintForm-value-1166" value="1166" aria-label="!Limonády (1)">
                            <label for="frm-productFilter-categoryConstraintForm-value-1166">Limonády (1)</label>
                        </div>


                                                         <div class="form-row" style="display: none;">
                            <input type="checkbox" name="value[]" onchange=" $('.filter-ajax-waiting').addClass('show');$(this).closest('form').submit();" id="frm-productFilter-categoryConstraintForm-value-1561" value="1561" aria-label="!Lubrikanty (1)">
                            <label for="frm-productFilter-categoryConstraintForm-value-1561">Lubrikanty (1)</label>
                        </div>


                                                         <div class="form-row" style="display: none;">
                            <input type="checkbox" name="value[]" onchange=" $('.filter-ajax-waiting').addClass('show');$(this).closest('form').submit();" id="frm-productFilter-categoryConstraintForm-value-1236" value="1236" aria-label="!Luštěniny (2)">
                            <label for="frm-productFilter-categoryConstraintForm-value-1236">Luštěniny (2)</label>
                        </div>


                                                         <div class="form-row" style="display: none;">
                            <input type="checkbox" name="value[]" onchange=" $('.filter-ajax-waiting').addClass('show');$(this).closest('form').submit();" id="frm-productFilter-categoryConstraintForm-value-1290" value="1290" aria-label="!Luštěniny (3)">
                            <label for="frm-productFilter-categoryConstraintForm-value-1290">Luštěniny (3)</label>
                        </div>


                                                         <div class="form-row" style="display: none;">
                            <input type="checkbox" name="value[]" onchange=" $('.filter-ajax-waiting').addClass('show');$(this).closest('form').submit();" id="frm-productFilter-categoryConstraintForm-value-668" value="668" aria-label="!Luštěniny, obiloviny (1)">
                            <label for="frm-productFilter-categoryConstraintForm-value-668">Luštěniny, obiloviny (1)</label>
                        </div>


                                                         <div class="form-row" style="display: none;">
                            <input type="checkbox" name="value[]" onchange=" $('.filter-ajax-waiting').addClass('show');$(this).closest('form').submit();" id="frm-productFilter-categoryConstraintForm-value-1372" value="1372" aria-label="!Láhve a dudlíky (1)">
                            <label for="frm-productFilter-categoryConstraintForm-value-1372">Láhve a dudlíky (1)</label>
                        </div>


                                                         <div class="form-row" style="display: none;">
                            <input type="checkbox" name="value[]" onchange=" $('.filter-ajax-waiting').addClass('show');$(this).closest('form').submit();" id="frm-productFilter-categoryConstraintForm-value-1600" value="1600" aria-label="!Látkové pleny (7)">
                            <label for="frm-productFilter-categoryConstraintForm-value-1600">Látkové pleny (7)</label>
                        </div>


                                                         <div class="form-row" style="display: none;">
                            <input type="checkbox" name="value[]" onchange=" $('.filter-ajax-waiting').addClass('show');$(this).closest('form').submit();" id="frm-productFilter-categoryConstraintForm-value-1391" value="1391" aria-label="!Lékárna (2)">
                            <label for="frm-productFilter-categoryConstraintForm-value-1391">Lékárna (2)</label>
                        </div>


                                                         <div class="form-row" style="display: none;">
                            <input type="checkbox" name="value[]" onchange=" $('.filter-ajax-waiting').addClass('show');$(this).closest('form').submit();" id="frm-productFilter-categoryConstraintForm-value-1061" value="1061" aria-label="!Majonézové (3)">
                            <label for="frm-productFilter-categoryConstraintForm-value-1061">Majonézové (3)</label>
                        </div>


                                                         <div class="form-row" style="display: none;">
                            <input type="checkbox" name="value[]" onchange=" $('.filter-ajax-waiting').addClass('show');$(this).closest('form').submit();" id="frm-productFilter-categoryConstraintForm-value-1072" value="1072" aria-label="!Majonézové saláty (4)">
                            <label for="frm-productFilter-categoryConstraintForm-value-1072">Majonézové saláty (4)</label>
                        </div>


                                                         <div class="form-row" style="display: none;">
                            <input type="checkbox" name="value[]" onchange=" $('.filter-ajax-waiting').addClass('show');$(this).closest('form').submit();" id="frm-productFilter-categoryConstraintForm-value-894" value="894" aria-label="!Majonézy a tatarské omáčky (7)">
                            <label for="frm-productFilter-categoryConstraintForm-value-894">Majonézy a tatarské omáčky (7)</label>
                        </div>


                                                         <div class="form-row" style="display: none;">
                            <input type="checkbox" name="value[]" onchange=" $('.filter-ajax-waiting').addClass('show');$(this).closest('form').submit();" id="frm-productFilter-categoryConstraintForm-value-1331" value="1331" aria-label="!Malé čokoládové tyčinky (2)">
                            <label for="frm-productFilter-categoryConstraintForm-value-1331">Malé čokoládové tyčinky (2)</label>
                        </div>


                                                         <div class="form-row" style="display: none;">
                            <input type="checkbox" name="value[]" onchange=" $('.filter-ajax-waiting').addClass('show');$(this).closest('form').submit();" id="frm-productFilter-categoryConstraintForm-value-896" value="896" aria-label="!Margaríny (9)">
                            <label for="frm-productFilter-categoryConstraintForm-value-896">Margaríny (9)</label>
                        </div>


                                                         <div class="form-row" style="display: none;">
                            <input type="checkbox" name="value[]" onchange=" $('.filter-ajax-waiting').addClass('show');$(this).closest('form').submit();" id="frm-productFilter-categoryConstraintForm-value-1538" value="1538" aria-label="!Masky a peelingy (1)">
                            <label for="frm-productFilter-categoryConstraintForm-value-1538">Masky a peelingy (1)</label>
                        </div>


                                                         <div class="form-row" style="display: none;">
                            <input type="checkbox" name="value[]" onchange=" $('.filter-ajax-waiting').addClass('show');$(this).closest('form').submit();" id="frm-productFilter-categoryConstraintForm-value-1243" value="1243" aria-label="!Maso a hotová jídla (6)">
                            <label for="frm-productFilter-categoryConstraintForm-value-1243">Maso a hotová jídla (6)</label>
                        </div>


                                                         <div class="form-row" style="display: none;">
                            <input type="checkbox" name="value[]" onchange=" $('.filter-ajax-waiting').addClass('show');$(this).closest('form').submit();" id="frm-productFilter-categoryConstraintForm-value-1244" value="1244" aria-label="!Masové konzervy (7)">
                            <label for="frm-productFilter-categoryConstraintForm-value-1244">Masové konzervy (7)</label>
                        </div>


                                                         <div class="form-row" style="display: none;">
                            <input type="checkbox" name="value[]" onchange=" $('.filter-ajax-waiting').addClass('show');$(this).closest('form').submit();" id="frm-productFilter-categoryConstraintForm-value-1610" value="1610" aria-label="!Masozeleninové a zeleninové příkrmy (50)">
                            <label for="frm-productFilter-categoryConstraintForm-value-1610">Masozeleninové a zeleninové příkrmy (50)</label>
                        </div>


                                                         <div class="form-row" style="display: none;">
                            <input type="checkbox" name="value[]" onchange=" $('.filter-ajax-waiting').addClass('show');$(this).closest('form').submit();" id="frm-productFilter-categoryConstraintForm-value-1562" value="1562" aria-label="!Masážní emulze (5)">
                            <label for="frm-productFilter-categoryConstraintForm-value-1562">Masážní emulze (5)</label>
                        </div>


                                                         <div class="form-row" style="display: none;">
                            <input type="checkbox" name="value[]" onchange=" $('.filter-ajax-waiting').addClass('show');$(this).closest('form').submit();" id="frm-productFilter-categoryConstraintForm-value-1221" value="1221" aria-label="!Medy (4)">
                            <label for="frm-productFilter-categoryConstraintForm-value-1221">Medy (4)</label>
                        </div>


                                                         <div class="form-row" style="display: none;">
                            <input type="checkbox" name="value[]" onchange=" $('.filter-ajax-waiting').addClass('show');$(this).closest('form').submit();" id="frm-productFilter-categoryConstraintForm-value-1499" value="1499" aria-label="!Mezizubní péče (1)">
                            <label for="frm-productFilter-categoryConstraintForm-value-1499">Mezizubní péče (1)</label>
                        </div>


                                                         <div class="form-row" style="display: none;">
                            <input type="checkbox" name="value[]" onchange=" $('.filter-ajax-waiting').addClass('show');$(this).closest('form').submit();" id="frm-productFilter-categoryConstraintForm-value-1311" value="1311" aria-label="!Mikuláš a Vánoce (1)">
                            <label for="frm-productFilter-categoryConstraintForm-value-1311">Mikuláš a Vánoce (1)</label>
                        </div>


                                                         <div class="form-row" style="display: none;">
                            <input type="checkbox" name="value[]" onchange=" $('.filter-ajax-waiting').addClass('show');$(this).closest('form').submit();" id="frm-productFilter-categoryConstraintForm-value-1323" value="1323" aria-label="!Mix (1)">
                            <label for="frm-productFilter-categoryConstraintForm-value-1323">Mix (1)</label>
                        </div>


                                                         <div class="form-row" style="display: none;">
                            <input type="checkbox" name="value[]" onchange=" $('.filter-ajax-waiting').addClass('show');$(this).closest('form').submit();" id="frm-productFilter-categoryConstraintForm-value-1140" value="1140" aria-label="!Mletá (1)">
                            <label for="frm-productFilter-categoryConstraintForm-value-1140">Mletá (1)</label>
                        </div>


                                                         <div class="form-row" style="display: none;">
                            <input type="checkbox" name="value[]" onchange=" $('.filter-ajax-waiting').addClass('show');$(this).closest('form').submit();" id="frm-productFilter-categoryConstraintForm-value-1526" value="1526" aria-label="!Mléka (2)">
                            <label for="frm-productFilter-categoryConstraintForm-value-1526">Mléka (2)</label>
                        </div>


                                                         <div class="form-row" style="display: none;">
                            <input type="checkbox" name="value[]" onchange=" $('.filter-ajax-waiting').addClass('show');$(this).closest('form').submit();" id="frm-productFilter-categoryConstraintForm-value-914" value="914" aria-label="!Mléčné a jogurtové nápoje (1)">
                            <label for="frm-productFilter-categoryConstraintForm-value-914">Mléčné a jogurtové nápoje (1)</label>
                        </div>


                                                         <div class="form-row" style="display: none;">
                            <input type="checkbox" name="value[]" onchange=" $('.filter-ajax-waiting').addClass('show');$(this).closest('form').submit();" id="frm-productFilter-categoryConstraintForm-value-941" value="941" aria-label="!Modrá plíseň (1)">
                            <label for="frm-productFilter-categoryConstraintForm-value-941">Modrá plíseň (1)</label>
                        </div>


                                                         <div class="form-row" style="display: none;">
                            <input type="checkbox" name="value[]" onchange=" $('.filter-ajax-waiting').addClass('show');$(this).closest('form').submit();" id="frm-productFilter-categoryConstraintForm-value-1400" value="1400" aria-label="!Mopy, smetáky, lopatky (2)">
                            <label for="frm-productFilter-categoryConstraintForm-value-1400">Mopy, smetáky, lopatky (2)</label>
                        </div>


                                                         <div class="form-row" style="display: none;">
                            <input type="checkbox" name="value[]" onchange=" $('.filter-ajax-waiting').addClass('show');$(this).closest('form').submit();" id="frm-productFilter-categoryConstraintForm-value-969" value="969" aria-label="!Mořské (3)">
                            <label for="frm-productFilter-categoryConstraintForm-value-969">Mořské (3)</label>
                        </div>


                                                         <div class="form-row" style="display: none;">
                            <input type="checkbox" name="value[]" onchange=" $('.filter-ajax-waiting').addClass('show');$(this).closest('form').submit();" id="frm-productFilter-categoryConstraintForm-value-1149" value="1149" aria-label="!Mošty a 100% šťávy (24)">
                            <label for="frm-productFilter-categoryConstraintForm-value-1149">Mošty a 100% šťávy (24)</label>
                        </div>


                                                         <div class="form-row" style="display: none;">
                            <input type="checkbox" name="value[]" onchange=" $('.filter-ajax-waiting').addClass('show');$(this).closest('form').submit();" id="frm-productFilter-categoryConstraintForm-value-1085" value="1085" aria-label="!Mražená drůbež (2)">
                            <label for="frm-productFilter-categoryConstraintForm-value-1085">Mražená drůbež (2)</label>
                        </div>


                                                         <div class="form-row" style="display: none;">
                            <input type="checkbox" name="value[]" onchange=" $('.filter-ajax-waiting').addClass('show');$(this).closest('form').submit();" id="frm-productFilter-categoryConstraintForm-value-1086" value="1086" aria-label="!Mražené maso (1)">
                            <label for="frm-productFilter-categoryConstraintForm-value-1086">Mražené maso (1)</label>
                        </div>


                                                         <div class="form-row" style="display: none;">
                            <input type="checkbox" name="value[]" onchange=" $('.filter-ajax-waiting').addClass('show');$(this).closest('form').submit();" id="frm-productFilter-categoryConstraintForm-value-1089" value="1089" aria-label="!Mražené pečivo a těsto (1)">
                            <label for="frm-productFilter-categoryConstraintForm-value-1089">Mražené pečivo a těsto (1)</label>
                        </div>


                                                         <div class="form-row" style="display: none;">
                            <input type="checkbox" name="value[]" onchange=" $('.filter-ajax-waiting').addClass('show');$(this).closest('form').submit();" id="frm-productFilter-categoryConstraintForm-value-1088" value="1088" aria-label="!Mražené ryby (2)">
                            <label for="frm-productFilter-categoryConstraintForm-value-1088">Mražené ryby (2)</label>
                        </div>


                                                         <div class="form-row" style="display: none;">
                            <input type="checkbox" name="value[]" onchange=" $('.filter-ajax-waiting').addClass('show');$(this).closest('form').submit();" id="frm-productFilter-categoryConstraintForm-value-1169" value="1169" aria-label="!Multibalení (3)">
                            <label for="frm-productFilter-categoryConstraintForm-value-1169">Multibalení (3)</label>
                        </div>


                                                         <div class="form-row" style="display: none;">
                            <input type="checkbox" name="value[]" onchange=" $('.filter-ajax-waiting').addClass('show');$(this).closest('form').submit();" id="frm-productFilter-categoryConstraintForm-value-1210" value="1210" aria-label="!Musli (13)">
                            <label for="frm-productFilter-categoryConstraintForm-value-1210">Musli (13)</label>
                        </div>


                                                         <div class="form-row" style="display: none;">
                            <input type="checkbox" name="value[]" onchange=" $('.filter-ajax-waiting').addClass('show');$(this).closest('form').submit();" id="frm-productFilter-categoryConstraintForm-value-1209" value="1209" aria-label="!Musli a ovesné kaše (2)">
                            <label for="frm-productFilter-categoryConstraintForm-value-1209">Musli a ovesné kaše (2)</label>
                        </div>


                                                         <div class="form-row" style="display: none;">
                            <input type="checkbox" name="value[]" onchange=" $('.filter-ajax-waiting').addClass('show');$(this).closest('form').submit();" id="frm-productFilter-categoryConstraintForm-value-1483" value="1483" aria-label="!Mytí nádobí (1)">
                            <label for="frm-productFilter-categoryConstraintForm-value-1483">Mytí nádobí (1)</label>
                        </div>


                                                         <div class="form-row" style="display: none;">
                            <input type="checkbox" name="value[]" onchange=" $('.filter-ajax-waiting').addClass('show');$(this).closest('form').submit();" id="frm-productFilter-categoryConstraintForm-value-897" value="897" aria-label="!Máslo (2)">
                            <label for="frm-productFilter-categoryConstraintForm-value-897">Máslo (2)</label>
                        </div>


                                                         <div class="form-row" style="display: none;">
                            <input type="checkbox" name="value[]" onchange=" $('.filter-ajax-waiting').addClass('show');$(this).closest('form').submit();" id="frm-productFilter-categoryConstraintForm-value-1106" value="1106" aria-label="!Míchané nápoje (1)">
                            <label for="frm-productFilter-categoryConstraintForm-value-1106">Míchané nápoje (1)</label>
                        </div>


                                                         <div class="form-row" style="display: none;">
                            <input type="checkbox" name="value[]" onchange=" $('.filter-ajax-waiting').addClass('show');$(this).closest('form').submit();" id="frm-productFilter-categoryConstraintForm-value-1511" value="1511" aria-label="!Mýdla (4)">
                            <label for="frm-productFilter-categoryConstraintForm-value-1511">Mýdla (4)</label>
                        </div>


                                                         <div class="form-row" style="display: none;">
                            <input type="checkbox" name="value[]" onchange=" $('.filter-ajax-waiting').addClass('show');$(this).closest('form').submit();" id="frm-productFilter-categoryConstraintForm-value-1098" value="1098" aria-label="!Nanuky a kornouty (2)">
                            <label for="frm-productFilter-categoryConstraintForm-value-1098">Nanuky a kornouty (2)</label>
                        </div>


                                                         <div class="form-row" style="display: none;">
                            <input type="checkbox" name="value[]" onchange=" $('.filter-ajax-waiting').addClass('show');$(this).closest('form').submit();" id="frm-productFilter-categoryConstraintForm-value-1188" value="1188" aria-label="!Nealko (2)">
                            <label for="frm-productFilter-categoryConstraintForm-value-1188">Nealko (2)</label>
                        </div>


                                                         <div class="form-row" style="display: none;">
                            <input type="checkbox" name="value[]" onchange=" $('.filter-ajax-waiting').addClass('show');$(this).closest('form').submit();" id="frm-productFilter-categoryConstraintForm-value-1150" value="1150" aria-label="!Nektary (38)">
                            <label for="frm-productFilter-categoryConstraintForm-value-1150">Nektary (38)</label>
                        </div>


                                                         <div class="form-row" style="display: none;">
                            <input type="checkbox" name="value[]" onchange=" $('.filter-ajax-waiting').addClass('show');$(this).closest('form').submit();" id="frm-productFilter-categoryConstraintForm-value-1377" value="1377" aria-label="!Nápoje pro maminky (1)">
                            <label for="frm-productFilter-categoryConstraintForm-value-1377">Nápoje pro maminky (1)</label>
                        </div>


                                                         <div class="form-row" style="display: none;">
                            <input type="checkbox" name="value[]" onchange=" $('.filter-ajax-waiting').addClass('show');$(this).closest('form').submit();" id="frm-productFilter-categoryConstraintForm-value-1197" value="1197" aria-label="!Německo (8)">
                            <label for="frm-productFilter-categoryConstraintForm-value-1197">Německo (8)</label>
                        </div>


                                                         <div class="form-row" style="display: none;">
                            <input type="checkbox" name="value[]" onchange=" $('.filter-ajax-waiting').addClass('show');$(this).closest('form').submit();" id="frm-productFilter-categoryConstraintForm-value-1271" value="1271" aria-label="!Ocet (8)">
                            <label for="frm-productFilter-categoryConstraintForm-value-1271">Ocet (8)</label>
                        </div>


                                                         <div class="form-row" style="display: none;">
                            <input type="checkbox" name="value[]" onchange=" $('.filter-ajax-waiting').addClass('show');$(this).closest('form').submit();" id="frm-productFilter-categoryConstraintForm-value-911" value="911" aria-label="!Ochucené (2)">
                            <label for="frm-productFilter-categoryConstraintForm-value-911">Ochucené (2)</label>
                        </div>


                                                         <div class="form-row" style="display: none;">
                            <input type="checkbox" name="value[]" onchange=" $('.filter-ajax-waiting').addClass('show');$(this).closest('form').submit();" id="frm-productFilter-categoryConstraintForm-value-1175" value="1175" aria-label="!Ochucené (2)">
                            <label for="frm-productFilter-categoryConstraintForm-value-1175">Ochucené (2)</label>
                        </div>


                                                         <div class="form-row" style="display: none;">
                            <input type="checkbox" name="value[]" onchange=" $('.filter-ajax-waiting').addClass('show');$(this).closest('form').submit();" id="frm-productFilter-categoryConstraintForm-value-1178" value="1178" aria-label="!Ochucené (5)">
                            <label for="frm-productFilter-categoryConstraintForm-value-1178">Ochucené (5)</label>
                        </div>


                                                         <div class="form-row" style="display: none;">
                            <input type="checkbox" name="value[]" onchange=" $('.filter-ajax-waiting').addClass('show');$(this).closest('form').submit();" id="frm-productFilter-categoryConstraintForm-value-1189" value="1189" aria-label="!Ochucené (7)">
                            <label for="frm-productFilter-categoryConstraintForm-value-1189">Ochucené (7)</label>
                        </div>


                                                         <div class="form-row" style="display: none;">
                            <input type="checkbox" name="value[]" onchange=" $('.filter-ajax-waiting').addClass('show');$(this).closest('form').submit();" id="frm-productFilter-categoryConstraintForm-value-1268" value="1268" aria-label="!Ochucený (11)">
                            <label for="frm-productFilter-categoryConstraintForm-value-1268">Ochucený (11)</label>
                        </div>


                                                         <div class="form-row" style="display: none;">
                            <input type="checkbox" name="value[]" onchange=" $('.filter-ajax-waiting').addClass('show');$(this).closest('form').submit();" id="frm-productFilter-categoryConstraintForm-value-1262" value="1262" aria-label="!Ochucovadla (13)">
                            <label for="frm-productFilter-categoryConstraintForm-value-1262">Ochucovadla (13)</label>
                        </div>


                                                         <div class="form-row" style="display: none;">
                            <input type="checkbox" name="value[]" onchange=" $('.filter-ajax-waiting').addClass('show');$(this).closest('form').submit();" id="frm-productFilter-categoryConstraintForm-value-1540" value="1540" aria-label="!Odličování (3)">
                            <label for="frm-productFilter-categoryConstraintForm-value-1540">Odličování (3)</label>
                        </div>


                                                         <div class="form-row" style="display: none;">
                            <input type="checkbox" name="value[]" onchange=" $('.filter-ajax-waiting').addClass('show');$(this).closest('form').submit();" id="frm-productFilter-categoryConstraintForm-value-1582" value="1582" aria-label="!Odměny a doplňky stravy pro kočky (10)">
                            <label for="frm-productFilter-categoryConstraintForm-value-1582">Odměny a doplňky stravy pro kočky (10)</label>
                        </div>


                                                         <div class="form-row" style="display: none;">
                            <input type="checkbox" name="value[]" onchange=" $('.filter-ajax-waiting').addClass('show');$(this).closest('form').submit();" id="frm-productFilter-categoryConstraintForm-value-1576" value="1576" aria-label="!Odměny a doplňky stravy pro psy (8)">
                            <label for="frm-productFilter-categoryConstraintForm-value-1576">Odměny a doplňky stravy pro psy (8)</label>
                        </div>


                                                         <div class="form-row" style="display: none;">
                            <input type="checkbox" name="value[]" onchange=" $('.filter-ajax-waiting').addClass('show');$(this).closest('form').submit();" id="frm-productFilter-categoryConstraintForm-value-1455" value="1455" aria-label="!Odstraňovače skvrn (2)">
                            <label for="frm-productFilter-categoryConstraintForm-value-1455">Odstraňovače skvrn (2)</label>
                        </div>


                                                         <div class="form-row" style="display: none;">
                            <input type="checkbox" name="value[]" onchange=" $('.filter-ajax-waiting').addClass('show');$(this).closest('form').submit();" id="frm-productFilter-categoryConstraintForm-value-1464" value="1464" aria-label="!Okna (1)">
                            <label for="frm-productFilter-categoryConstraintForm-value-1464">Okna (1)</label>
                        </div>


                                                         <div class="form-row" style="display: none;">
                            <input type="checkbox" name="value[]" onchange=" $('.filter-ajax-waiting').addClass('show');$(this).closest('form').submit();" id="frm-productFilter-categoryConstraintForm-value-1238" value="1238" aria-label="!Okurky (4)">
                            <label for="frm-productFilter-categoryConstraintForm-value-1238">Okurky (4)</label>
                        </div>


                                                         <div class="form-row" style="display: none;">
                            <input type="checkbox" name="value[]" onchange=" $('.filter-ajax-waiting').addClass('show');$(this).closest('form').submit();" id="frm-productFilter-categoryConstraintForm-value-1266" value="1266" aria-label="!Olej (3)">
                            <label for="frm-productFilter-categoryConstraintForm-value-1266">Olej (3)</label>
                        </div>


                                                         <div class="form-row" style="display: none;">
                            <input type="checkbox" name="value[]" onchange=" $('.filter-ajax-waiting').addClass('show');$(this).closest('form').submit();" id="frm-productFilter-categoryConstraintForm-value-1269" value="1269" aria-label="!Olivový (13)">
                            <label for="frm-productFilter-categoryConstraintForm-value-1269">Olivový (13)</label>
                        </div>


                                                         <div class="form-row" style="display: none;">
                            <input type="checkbox" name="value[]" onchange=" $('.filter-ajax-waiting').addClass('show');$(this).closest('form').submit();" id="frm-productFilter-categoryConstraintForm-value-1239" value="1239" aria-label="!Olivy (17)">
                            <label for="frm-productFilter-categoryConstraintForm-value-1239">Olivy (17)</label>
                        </div>


                                                         <div class="form-row" style="display: none;">
                            <input type="checkbox" name="value[]" onchange=" $('.filter-ajax-waiting').addClass('show');$(this).closest('form').submit();" id="frm-productFilter-categoryConstraintForm-value-1217" value="1217" aria-label="!Omáčky (14)">
                            <label for="frm-productFilter-categoryConstraintForm-value-1217">Omáčky (14)</label>
                        </div>


                                                         <div class="form-row" style="display: none;">
                            <input type="checkbox" name="value[]" onchange=" $('.filter-ajax-waiting').addClass('show');$(this).closest('form').submit();" id="frm-productFilter-categoryConstraintForm-value-1274" value="1274" aria-label="!Omáčky v prášku (1)">
                            <label for="frm-productFilter-categoryConstraintForm-value-1274">Omáčky v prášku (1)</label>
                        </div>


                                                         <div class="form-row" style="display: none;">
                            <input type="checkbox" name="value[]" onchange=" $('.filter-ajax-waiting').addClass('show');$(this).closest('form').submit();" id="frm-productFilter-categoryConstraintForm-value-1530" value="1530" aria-label="!Opalovací prostředky (42)">
                            <label for="frm-productFilter-categoryConstraintForm-value-1530">Opalovací prostředky (42)</label>
                        </div>


                                                         <div class="form-row" style="display: none;">
                            <input type="checkbox" name="value[]" onchange=" $('.filter-ajax-waiting').addClass('show');$(this).closest('form').submit();" id="frm-productFilter-categoryConstraintForm-value-1338" value="1338" aria-label="!Oplatky celomáčené (2)">
                            <label for="frm-productFilter-categoryConstraintForm-value-1338">Oplatky celomáčené (2)</label>
                        </div>


                                                         <div class="form-row" style="display: none;">
                            <input type="checkbox" name="value[]" onchange=" $('.filter-ajax-waiting').addClass('show');$(this).closest('form').submit();" id="frm-productFilter-categoryConstraintForm-value-1339" value="1339" aria-label="!Oplatky nemáčené (4)">
                            <label for="frm-productFilter-categoryConstraintForm-value-1339">Oplatky nemáčené (4)</label>
                        </div>


                                                         <div class="form-row" style="display: none;">
                            <input type="checkbox" name="value[]" onchange=" $('.filter-ajax-waiting').addClass('show');$(this).closest('form').submit();" id="frm-productFilter-categoryConstraintForm-value-1340" value="1340" aria-label="!Oplatky polomáčené (1)">
                            <label for="frm-productFilter-categoryConstraintForm-value-1340">Oplatky polomáčené (1)</label>
                        </div>


                                                         <div class="form-row" style="display: none;">
                            <input type="checkbox" name="value[]" onchange=" $('.filter-ajax-waiting').addClass('show');$(this).closest('form').submit();" id="frm-productFilter-categoryConstraintForm-value-1337" value="1337" aria-label="!Oplatky, perníky a trubičky (3)">
                            <label for="frm-productFilter-categoryConstraintForm-value-1337">Oplatky, perníky a trubičky (3)</label>
                        </div>


                                                         <div class="form-row" style="display: none;">
                            <input type="checkbox" name="value[]" onchange=" $('.filter-ajax-waiting').addClass('show');$(this).closest('form').submit();" id="frm-productFilter-categoryConstraintForm-value-959" value="959" aria-label="!Ostatní (1)">
                            <label for="frm-productFilter-categoryConstraintForm-value-959">Ostatní (1)</label>
                        </div>


                                                         <div class="form-row" style="display: none;">
                            <input type="checkbox" name="value[]" onchange=" $('.filter-ajax-waiting').addClass('show');$(this).closest('form').submit();" id="frm-productFilter-categoryConstraintForm-value-1303" value="1303" aria-label="!Ostatní (10)">
                            <label for="frm-productFilter-categoryConstraintForm-value-1303">Ostatní (10)</label>
                        </div>


                                                         <div class="form-row" style="display: none;">
                            <input type="checkbox" name="value[]" onchange=" $('.filter-ajax-waiting').addClass('show');$(this).closest('form').submit();" id="frm-productFilter-categoryConstraintForm-value-1248" value="1248" aria-label="!Ostatní (15)">
                            <label for="frm-productFilter-categoryConstraintForm-value-1248">Ostatní (15)</label>
                        </div>


                                                         <div class="form-row" style="display: none;">
                            <input type="checkbox" name="value[]" onchange=" $('.filter-ajax-waiting').addClass('show');$(this).closest('form').submit();" id="frm-productFilter-categoryConstraintForm-value-1300" value="1300" aria-label="!Ostatní (2)">
                            <label for="frm-productFilter-categoryConstraintForm-value-1300">Ostatní (2)</label>
                        </div>


                                                         <div class="form-row" style="display: none;">
                            <input type="checkbox" name="value[]" onchange=" $('.filter-ajax-waiting').addClass('show');$(this).closest('form').submit();" id="frm-productFilter-categoryConstraintForm-value-1294" value="1294" aria-label="!Ostatní (4)">
                            <label for="frm-productFilter-categoryConstraintForm-value-1294">Ostatní (4)</label>
                        </div>


                                                         <div class="form-row" style="display: none;">
                            <input type="checkbox" name="value[]" onchange=" $('.filter-ajax-waiting').addClass('show');$(this).closest('form').submit();" id="frm-productFilter-categoryConstraintForm-value-1078" value="1078" aria-label="!Ostatní (5)">
                            <label for="frm-productFilter-categoryConstraintForm-value-1078">Ostatní (5)</label>
                        </div>


                                                         <div class="form-row" style="display: none;">
                            <input type="checkbox" name="value[]" onchange=" $('.filter-ajax-waiting').addClass('show');$(this).closest('form').submit();" id="frm-productFilter-categoryConstraintForm-value-1325" value="1325" aria-label="!Ostatní bonboniéry (4)">
                            <label for="frm-productFilter-categoryConstraintForm-value-1325">Ostatní bonboniéry (4)</label>
                        </div>


                                                         <div class="form-row" style="display: none;">
                            <input type="checkbox" name="value[]" onchange=" $('.filter-ajax-waiting').addClass('show');$(this).closest('form').submit();" id="frm-productFilter-categoryConstraintForm-value-1170" value="1170" aria-label="!Ostatní limonády (3)">
                            <label for="frm-productFilter-categoryConstraintForm-value-1170">Ostatní limonády (3)</label>
                        </div>


                                                         <div class="form-row" style="display: none;">
                            <input type="checkbox" name="value[]" onchange=" $('.filter-ajax-waiting').addClass('show');$(this).closest('form').submit();" id="frm-productFilter-categoryConstraintForm-value-1371" value="1371" aria-label="!Osušky a bryndáčky (5)">
                            <label for="frm-productFilter-categoryConstraintForm-value-1371">Osušky a bryndáčky (5)</label>
                        </div>


                                                         <div class="form-row" style="display: none;">
                            <input type="checkbox" name="value[]" onchange=" $('.filter-ajax-waiting').addClass('show');$(this).closest('form').submit();" id="frm-productFilter-categoryConstraintForm-value-1468" value="1468" aria-label="!Osvěžovače (8)">
                            <label for="frm-productFilter-categoryConstraintForm-value-1468">Osvěžovače (8)</label>
                        </div>


                                                         <div class="form-row" style="display: none;">
                            <input type="checkbox" name="value[]" onchange=" $('.filter-ajax-waiting').addClass('show');$(this).closest('form').submit();" id="frm-productFilter-categoryConstraintForm-value-1211" value="1211" aria-label="!Ovesné kaše (6)">
                            <label for="frm-productFilter-categoryConstraintForm-value-1211">Ovesné kaše (6)</label>
                        </div>


                                                         <div class="form-row" style="display: none;">
                            <input type="checkbox" name="value[]" onchange=" $('.filter-ajax-waiting').addClass('show');$(this).closest('form').submit();" id="frm-productFilter-categoryConstraintForm-value-1246" value="1246" aria-label="!Ovoce (15)">
                            <label for="frm-productFilter-categoryConstraintForm-value-1246">Ovoce (15)</label>
                        </div>


                                                         <div class="form-row" style="display: none;">
                            <input type="checkbox" name="value[]" onchange=" $('.filter-ajax-waiting').addClass('show');$(this).closest('form').submit();" id="frm-productFilter-categoryConstraintForm-value-1900" value="1900" aria-label="!Ovoce jednodruhové (1)">
                            <label for="frm-productFilter-categoryConstraintForm-value-1900">Ovoce jednodruhové (1)</label>
                        </div>


                                                         <div class="form-row" style="display: none;">
                            <input type="checkbox" name="value[]" onchange=" $('.filter-ajax-waiting').addClass('show');$(this).closest('form').submit();" id="frm-productFilter-categoryConstraintForm-value-1905" value="1905" aria-label="!Ovocné (1)">
                            <label for="frm-productFilter-categoryConstraintForm-value-1905">Ovocné (1)</label>
                        </div>


                                                         <div class="form-row" style="display: none;">
                            <input type="checkbox" name="value[]" onchange=" $('.filter-ajax-waiting').addClass('show');$(this).closest('form').submit();" id="frm-productFilter-categoryConstraintForm-value-1672" value="1672" aria-label="!Ovocné (23)">
                            <label for="frm-productFilter-categoryConstraintForm-value-1672">Ovocné (23)</label>
                        </div>


                                                         <div class="form-row" style="display: none;">
                            <input type="checkbox" name="value[]" onchange=" $('.filter-ajax-waiting').addClass('show');$(this).closest('form').submit();" id="frm-productFilter-categoryConstraintForm-value-1151" value="1151" aria-label="!Ovocné nápoje (34)">
                            <label for="frm-productFilter-categoryConstraintForm-value-1151">Ovocné nápoje (34)</label>
                        </div>


                                                         <div class="form-row" style="display: none;">
                            <input type="checkbox" name="value[]" onchange=" $('.filter-ajax-waiting').addClass('show');$(this).closest('form').submit();" id="frm-productFilter-categoryConstraintForm-value-1107" value="1107" aria-label="!Ovocné pálenky a calvados (43)">
                            <label for="frm-productFilter-categoryConstraintForm-value-1107">Ovocné pálenky a calvados (43)</label>
                        </div>


                            <div class="form-row">
                            <input type="checkbox" name="value[]" onchange=" $('.filter-ajax-waiting').addClass('show');$(this).closest('form').submit();" id="frm-productFilter-categoryConstraintForm-value-1609" value="1609" aria-label="!Ovocné přesnídávky (54)">
                            <label for="frm-productFilter-categoryConstraintForm-value-1609">Ovocné přesnídávky (54)</label>
                        </div>


                                                         <div class="form-row" style="display: none;">
                            <input type="checkbox" name="value[]" onchange=" $('.filter-ajax-waiting').addClass('show');$(this).closest('form').submit();" id="frm-productFilter-categoryConstraintForm-value-1131" value="1131" aria-label="!Ovocný (17)">
                            <label for="frm-productFilter-categoryConstraintForm-value-1131">Ovocný (17)</label>
                        </div>


                                                         <div class="form-row" style="display: none;">
                            <input type="checkbox" name="value[]" onchange=" $('.filter-ajax-waiting').addClass('show');$(this).closest('form').submit();" id="frm-productFilter-categoryConstraintForm-value-997" value="997" aria-label="!Ořechy (11)">
                            <label for="frm-productFilter-categoryConstraintForm-value-997">Ořechy (11)</label>
                        </div>


                                                         <div class="form-row" style="display: none;">
                            <input type="checkbox" name="value[]" onchange=" $('.filter-ajax-waiting').addClass('show');$(this).closest('form').submit();" id="frm-productFilter-categoryConstraintForm-value-1389" value="1389" aria-label="!Papírnictví (35)">
                            <label for="frm-productFilter-categoryConstraintForm-value-1389">Papírnictví (35)</label>
                        </div>


                                                         <div class="form-row" style="display: none;">
                            <input type="checkbox" name="value[]" onchange=" $('.filter-ajax-waiting').addClass('show');$(this).closest('form').submit();" id="frm-productFilter-categoryConstraintForm-value-1414" value="1414" aria-label="!Party (3)">
                            <label for="frm-productFilter-categoryConstraintForm-value-1414">Party (3)</label>
                        </div>


                                                         <div class="form-row" style="display: none;">
                            <input type="checkbox" name="value[]" onchange=" $('.filter-ajax-waiting').addClass('show');$(this).closest('form').submit();" id="frm-productFilter-categoryConstraintForm-value-1252" value="1252" aria-label="!Paštiky (3)">
                            <label for="frm-productFilter-categoryConstraintForm-value-1252">Paštiky (3)</label>
                        </div>


                                                         <div class="form-row" style="display: none;">
                            <input type="checkbox" name="value[]" onchange=" $('.filter-ajax-waiting').addClass('show');$(this).closest('form').submit();" id="frm-productFilter-categoryConstraintForm-value-1341" value="1341" aria-label="!Perníky (1)">
                            <label for="frm-productFilter-categoryConstraintForm-value-1341">Perníky (1)</label>
                        </div>


                                                         <div class="form-row" style="display: none;">
                            <input type="checkbox" name="value[]" onchange=" $('.filter-ajax-waiting').addClass('show');$(this).closest('form').submit();" id="frm-productFilter-categoryConstraintForm-value-1800" value="1800" aria-label="!Pečení (20)">
                            <label for="frm-productFilter-categoryConstraintForm-value-1800">Pečení (20)</label>
                        </div>


                                                         <div class="form-row" style="display: none;">
                            <input type="checkbox" name="value[]" onchange=" $('.filter-ajax-waiting').addClass('show');$(this).closest('form').submit();" id="frm-productFilter-categoryConstraintForm-value-1894" value="1894" aria-label="!Pečivo slané (4)">
                            <label for="frm-productFilter-categoryConstraintForm-value-1894">Pečivo slané (4)</label>
                        </div>


                                                         <div class="form-row" style="display: none;">
                            <input type="checkbox" name="value[]" onchange=" $('.filter-ajax-waiting').addClass('show');$(this).closest('form').submit();" id="frm-productFilter-categoryConstraintForm-value-1385" value="1385" aria-label="!Pečící papír, alobal, fólie, sáčky (11)">
                            <label for="frm-productFilter-categoryConstraintForm-value-1385">Pečící papír, alobal, fólie, sáčky (11)</label>
                        </div>


                                                         <div class="form-row" style="display: none;">
                            <input type="checkbox" name="value[]" onchange=" $('.filter-ajax-waiting').addClass('show');$(this).closest('form').submit();" id="frm-productFilter-categoryConstraintForm-value-1343" value="1343" aria-label="!Piškoty a sušenky (1)">
                            <label for="frm-productFilter-categoryConstraintForm-value-1343">Piškoty a sušenky (1)</label>
                        </div>


                                                         <div class="form-row" style="display: none;">
                            <input type="checkbox" name="value[]" onchange=" $('.filter-ajax-waiting').addClass('show');$(this).closest('form').submit();" id="frm-productFilter-categoryConstraintForm-value-1171" value="1171" aria-label="!Plech (1)">
                            <label for="frm-productFilter-categoryConstraintForm-value-1171">Plech (1)</label>
                        </div>


                                                         <div class="form-row" style="display: none;">
                            <input type="checkbox" name="value[]" onchange=" $('.filter-ajax-waiting').addClass('show');$(this).closest('form').submit();" id="frm-productFilter-categoryConstraintForm-value-1535" value="1535" aria-label="!Pleťové krémy (38)">
                            <label for="frm-productFilter-categoryConstraintForm-value-1535">Pleťové krémy (38)</label>
                        </div>


                                                         <div class="form-row" style="display: none;">
                            <input type="checkbox" name="value[]" onchange=" $('.filter-ajax-waiting').addClass('show');$(this).closest('form').submit();" id="frm-productFilter-categoryConstraintForm-value-1536" value="1536" aria-label="!Pleťové vody (1)">
                            <label for="frm-productFilter-categoryConstraintForm-value-1536">Pleťové vody (1)</label>
                        </div>


                                                         <div class="form-row" style="display: none;">
                            <input type="checkbox" name="value[]" onchange=" $('.filter-ajax-waiting').addClass('show');$(this).closest('form').submit();" id="frm-productFilter-categoryConstraintForm-value-938" value="938" aria-label="!Plátkové (8)">
                            <label for="frm-productFilter-categoryConstraintForm-value-938">Plátkové (8)</label>
                        </div>


                                                         <div class="form-row" style="display: none;">
                            <input type="checkbox" name="value[]" onchange=" $('.filter-ajax-waiting').addClass('show');$(this).closest('form').submit();" id="frm-productFilter-categoryConstraintForm-value-1494" value="1494" aria-label="!Po holení (25)">
                            <label for="frm-productFilter-categoryConstraintForm-value-1494">Po holení (25)</label>
                        </div>


                                                         <div class="form-row" style="display: none;">
                            <input type="checkbox" name="value[]" onchange=" $('.filter-ajax-waiting').addClass('show');$(this).closest('form').submit();" id="frm-productFilter-categoryConstraintForm-value-1465" value="1465" aria-label="!Podlahy a koberce (3)">
                            <label for="frm-productFilter-categoryConstraintForm-value-1465">Podlahy a koberce (3)</label>
                        </div>


                                                         <div class="form-row" style="display: none;">
                            <input type="checkbox" name="value[]" onchange=" $('.filter-ajax-waiting').addClass('show');$(this).closest('form').submit();" id="frm-productFilter-categoryConstraintForm-value-1606" value="1606" aria-label="!Pokračovací mléka (13)">
                            <label for="frm-productFilter-categoryConstraintForm-value-1606">Pokračovací mléka (13)</label>
                        </div>


                                                         <div class="form-row" style="display: none;">
                            <input type="checkbox" name="value[]" onchange=" $('.filter-ajax-waiting').addClass('show');$(this).closest('form').submit();" id="frm-productFilter-categoryConstraintForm-value-1278" value="1278" aria-label="!Polevy a dekorace (4)">
                            <label for="frm-productFilter-categoryConstraintForm-value-1278">Polevy a dekorace (4)</label>
                        </div>


                                                         <div class="form-row" style="display: none;">
                            <input type="checkbox" name="value[]" onchange=" $('.filter-ajax-waiting').addClass('show');$(this).closest('form').submit();" id="frm-productFilter-categoryConstraintForm-value-898" value="898" aria-label="!Pomazánkové a alternativy (5)">
                            <label for="frm-productFilter-categoryConstraintForm-value-898">Pomazánkové a alternativy (5)</label>
                        </div>


                                                         <div class="form-row" style="display: none;">
                            <input type="checkbox" name="value[]" onchange=" $('.filter-ajax-waiting').addClass('show');$(this).closest('form').submit();" id="frm-productFilter-categoryConstraintForm-value-1253" value="1253" aria-label="!Pomazánky (1)">
                            <label for="frm-productFilter-categoryConstraintForm-value-1253">Pomazánky (1)</label>
                        </div>


                                                         <div class="form-row" style="display: none;">
                            <input type="checkbox" name="value[]" onchange=" $('.filter-ajax-waiting').addClass('show');$(this).closest('form').submit();" id="frm-productFilter-categoryConstraintForm-value-1060" value="1060" aria-label="!Pomazánky a hummus (5)">
                            <label for="frm-productFilter-categoryConstraintForm-value-1060">Pomazánky a hummus (5)</label>
                        </div>


                                                         <div class="form-row" style="display: none;">
                            <input type="checkbox" name="value[]" onchange=" $('.filter-ajax-waiting').addClass('show');$(this).closest('form').submit();" id="frm-productFilter-categoryConstraintForm-value-1317" value="1317" aria-label="!Popcorn (7)">
                            <label for="frm-productFilter-categoryConstraintForm-value-1317">Popcorn (7)</label>
                        </div>


                                                         <div class="form-row" style="display: none;">
                            <input type="checkbox" name="value[]" onchange=" $('.filter-ajax-waiting').addClass('show');$(this).closest('form').submit();" id="frm-productFilter-categoryConstraintForm-value-1373" value="1373" aria-label="!Potřeby na kočárek (20)">
                            <label for="frm-productFilter-categoryConstraintForm-value-1373">Potřeby na kočárek (20)</label>
                        </div>


                                                         <div class="form-row" style="display: none;">
                            <input type="checkbox" name="value[]" onchange=" $('.filter-ajax-waiting').addClass('show');$(this).closest('form').submit();" id="frm-productFilter-categoryConstraintForm-value-1379" value="1379" aria-label="!Potřeby pro školáky (2)">
                            <label for="frm-productFilter-categoryConstraintForm-value-1379">Potřeby pro školáky (2)</label>
                        </div>


                                                         <div class="form-row" style="display: none;">
                            <input type="checkbox" name="value[]" onchange=" $('.filter-ajax-waiting').addClass('show');$(this).closest('form').submit();" id="frm-productFilter-categoryConstraintForm-value-1605" value="1605" aria-label="!Počáteční mléka (4)">
                            <label for="frm-productFilter-categoryConstraintForm-value-1605">Počáteční mléka (4)</label>
                        </div>


                                                         <div class="form-row" style="display: none;">
                            <input type="checkbox" name="value[]" onchange=" $('.filter-ajax-waiting').addClass('show');$(this).closest('form').submit();" id="frm-productFilter-categoryConstraintForm-value-1449" value="1449" aria-label="!Prací prostředky (6)">
                            <label for="frm-productFilter-categoryConstraintForm-value-1449">Prací prostředky (6)</label>
                        </div>


                                                         <div class="form-row" style="display: none;">
                            <input type="checkbox" name="value[]" onchange=" $('.filter-ajax-waiting').addClass('show');$(this).closest('form').submit();" id="frm-productFilter-categoryConstraintForm-value-1482" value="1482" aria-label="!Praní (6)">
                            <label for="frm-productFilter-categoryConstraintForm-value-1482">Praní (6)</label>
                        </div>


                                                         <div class="form-row" style="display: none;">
                            <input type="checkbox" name="value[]" onchange=" $('.filter-ajax-waiting').addClass('show');$(this).closest('form').submit();" id="frm-productFilter-categoryConstraintForm-value-1567" value="1567" aria-label="!Pro děti (3)">
                            <label for="frm-productFilter-categoryConstraintForm-value-1567">Pro děti (3)</label>
                        </div>


                                                         <div class="form-row" style="display: none;">
                            <input type="checkbox" name="value[]" onchange=" $('.filter-ajax-waiting').addClass('show');$(this).closest('form').submit();" id="frm-productFilter-categoryConstraintForm-value-1566" value="1566" aria-label="!Pro muže (18)">
                            <label for="frm-productFilter-categoryConstraintForm-value-1566">Pro muže (18)</label>
                        </div>


                                                         <div class="form-row" style="display: none;">
                            <input type="checkbox" name="value[]" onchange=" $('.filter-ajax-waiting').addClass('show');$(this).closest('form').submit();" id="frm-productFilter-categoryConstraintForm-value-1565" value="1565" aria-label="!Pro ženy (15)">
                            <label for="frm-productFilter-categoryConstraintForm-value-1565">Pro ženy (15)</label>
                        </div>


                                                         <div class="form-row" style="display: none;">
                            <input type="checkbox" name="value[]" onchange=" $('.filter-ajax-waiting').addClass('show');$(this).closest('form').submit();" id="frm-productFilter-categoryConstraintForm-value-1539" value="1539" aria-label="!Problematická pleť (4)">
                            <label for="frm-productFilter-categoryConstraintForm-value-1539">Problematická pleť (4)</label>
                        </div>


                                                         <div class="form-row" style="display: none;">
                            <input type="checkbox" name="value[]" onchange=" $('.filter-ajax-waiting').addClass('show');$(this).closest('form').submit();" id="frm-productFilter-categoryConstraintForm-value-1796" value="1796" aria-label="!Prostírání (3)">
                            <label for="frm-productFilter-categoryConstraintForm-value-1796">Prostírání (3)</label>
                        </div>


                                                         <div class="form-row" style="display: none;">
                            <input type="checkbox" name="value[]" onchange=" $('.filter-ajax-waiting').addClass('show');$(this).closest('form').submit();" id="frm-productFilter-categoryConstraintForm-value-1546" value="1546" aria-label="!Prostředky do myčky (1)">
                            <label for="frm-productFilter-categoryConstraintForm-value-1546">Prostředky do myčky (1)</label>
                        </div>


                                                         <div class="form-row" style="display: none;">
                            <input type="checkbox" name="value[]" onchange=" $('.filter-ajax-waiting').addClass('show');$(this).closest('form').submit();" id="frm-productFilter-categoryConstraintForm-value-1309" value="1309" aria-label="!Proteinové tyčinky a snacky (2)">
                            <label for="frm-productFilter-categoryConstraintForm-value-1309">Proteinové tyčinky a snacky (2)</label>
                        </div>


                                                         <div class="form-row" style="display: none;">
                            <input type="checkbox" name="value[]" onchange=" $('.filter-ajax-waiting').addClass('show');$(this).closest('form').submit();" id="frm-productFilter-categoryConstraintForm-value-1230" value="1230" aria-label="!Protlaky (1)">
                            <label for="frm-productFilter-categoryConstraintForm-value-1230">Protlaky (1)</label>
                        </div>


                                                         <div class="form-row" style="display: none;">
                            <input type="checkbox" name="value[]" onchange=" $('.filter-ajax-waiting').addClass('show');$(this).closest('form').submit();" id="frm-productFilter-categoryConstraintForm-value-1308" value="1308" aria-label="!Práškové a sušené směsi (1)">
                            <label for="frm-productFilter-categoryConstraintForm-value-1308">Práškové a sušené směsi (1)</label>
                        </div>


                                                         <div class="form-row" style="display: none;">
                            <input type="checkbox" name="value[]" onchange=" $('.filter-ajax-waiting').addClass('show');$(this).closest('form').submit();" id="frm-productFilter-categoryConstraintForm-value-1549" value="1549" aria-label="!Prášky (1)">
                            <label for="frm-productFilter-categoryConstraintForm-value-1549">Prášky (1)</label>
                        </div>


                                                         <div class="form-row" style="display: none;">
                            <input type="checkbox" name="value[]" onchange=" $('.filter-ajax-waiting').addClass('show');$(this).closest('form').submit();" id="frm-productFilter-categoryConstraintForm-value-1451" value="1451" aria-label="!Prášky (32)">
                            <label for="frm-productFilter-categoryConstraintForm-value-1451">Prášky (32)</label>
                        </div>


                                                         <div class="form-row" style="display: none;">
                            <input type="checkbox" name="value[]" onchange=" $('.filter-ajax-waiting').addClass('show');$(this).closest('form').submit();" id="frm-productFilter-categoryConstraintForm-value-1380" value="1380" aria-label="!Psací potřeby (11)">
                            <label for="frm-productFilter-categoryConstraintForm-value-1380">Psací potřeby (11)</label>
                        </div>


                                                         <div class="form-row" style="display: none;">
                            <input type="checkbox" name="value[]" onchange=" $('.filter-ajax-waiting').addClass('show');$(this).closest('form').submit();" id="frm-productFilter-categoryConstraintForm-value-1573" value="1573" aria-label="!Psi (3)">
                            <label for="frm-productFilter-categoryConstraintForm-value-1573">Psi (3)</label>
                        </div>


                                                         <div class="form-row" style="display: none;">
                            <input type="checkbox" name="value[]" onchange=" $('.filter-ajax-waiting').addClass('show');$(this).closest('form').submit();" id="frm-productFilter-categoryConstraintForm-value-1360" value="1360" aria-label="!Ptactvo (1)">
                            <label for="frm-productFilter-categoryConstraintForm-value-1360">Ptactvo (1)</label>
                        </div>


                                                         <div class="form-row" style="display: none;">
                            <input type="checkbox" name="value[]" onchange=" $('.filter-ajax-waiting').addClass('show');$(this).closest('form').submit();" id="frm-productFilter-categoryConstraintForm-value-1281" value="1281" aria-label="!Pudinky (1)">
                            <label for="frm-productFilter-categoryConstraintForm-value-1281">Pudinky (1)</label>
                        </div>


                                                         <div class="form-row" style="display: none;">
                            <input type="checkbox" name="value[]" onchange=" $('.filter-ajax-waiting').addClass('show');$(this).closest('form').submit();" id="frm-productFilter-categoryConstraintForm-value-1476" value="1476" aria-label="!Pánské (18)">
                            <label for="frm-productFilter-categoryConstraintForm-value-1476">Pánské (18)</label>
                        </div>


                                                         <div class="form-row" style="display: none;">
                            <input type="checkbox" name="value[]" onchange=" $('.filter-ajax-waiting').addClass('show');$(this).closest('form').submit();" id="frm-productFilter-categoryConstraintForm-value-1510" value="1510" aria-label="!Pánské (20)">
                            <label for="frm-productFilter-categoryConstraintForm-value-1510">Pánské (20)</label>
                        </div>


                                                         <div class="form-row" style="display: none;">
                            <input type="checkbox" name="value[]" onchange=" $('.filter-ajax-waiting').addClass('show');$(this).closest('form').submit();" id="frm-productFilter-categoryConstraintForm-value-1245" value="1245" aria-label="!Párky (2)">
                            <label for="frm-productFilter-categoryConstraintForm-value-1245">Párky (2)</label>
                        </div>


                                                         <div class="form-row" style="display: none;">
                            <input type="checkbox" name="value[]" onchange=" $('.filter-ajax-waiting').addClass('show');$(this).closest('form').submit();" id="frm-productFilter-categoryConstraintForm-value-1045" value="1045" aria-label="!Párky a špekáčky (2)">
                            <label for="frm-productFilter-categoryConstraintForm-value-1045">Párky a špekáčky (2)</label>
                        </div>


                                                         <div class="form-row" style="display: none;">
                            <input type="checkbox" name="value[]" onchange=" $('.filter-ajax-waiting').addClass('show');$(this).closest('form').submit();" id="frm-productFilter-categoryConstraintForm-value-1529" value="1529" aria-label="!Péče o nohy (11)">
                            <label for="frm-productFilter-categoryConstraintForm-value-1529">Péče o nohy (11)</label>
                        </div>


                                                         <div class="form-row" style="display: none;">
                            <input type="checkbox" name="value[]" onchange=" $('.filter-ajax-waiting').addClass('show');$(this).closest('form').submit();" id="frm-productFilter-categoryConstraintForm-value-1534" value="1534" aria-label="!Péče o pleť (24)">
                            <label for="frm-productFilter-categoryConstraintForm-value-1534">Péče o pleť (24)</label>
                        </div>


                                                         <div class="form-row" style="display: none;">
                            <input type="checkbox" name="value[]" onchange=" $('.filter-ajax-waiting').addClass('show');$(this).closest('form').submit();" id="frm-productFilter-categoryConstraintForm-value-1537" value="1537" aria-label="!Péče o rty (12)">
                            <label for="frm-productFilter-categoryConstraintForm-value-1537">Péče o rty (12)</label>
                        </div>


                                                         <div class="form-row" style="display: none;">
                            <input type="checkbox" name="value[]" onchange=" $('.filter-ajax-waiting').addClass('show');$(this).closest('form').submit();" id="frm-productFilter-categoryConstraintForm-value-1528" value="1528" aria-label="!Péče o ruce (12)">
                            <label for="frm-productFilter-categoryConstraintForm-value-1528">Péče o ruce (12)</label>
                        </div>


                                                         <div class="form-row" style="display: none;">
                            <input type="checkbox" name="value[]" onchange=" $('.filter-ajax-waiting').addClass('show');$(this).closest('form').submit();" id="frm-productFilter-categoryConstraintForm-value-1524" value="1524" aria-label="!Péče o tělo (5)">
                            <label for="frm-productFilter-categoryConstraintForm-value-1524">Péče o tělo (5)</label>
                        </div>


                                                         <div class="form-row" style="display: none;">
                            <input type="checkbox" name="value[]" onchange=" $('.filter-ajax-waiting').addClass('show');$(this).closest('form').submit();" id="frm-productFilter-categoryConstraintForm-value-1516" value="1516" aria-label="!Péče o vlasy (11)">
                            <label for="frm-productFilter-categoryConstraintForm-value-1516">Péče o vlasy (11)</label>
                        </div>


                                                         <div class="form-row" style="display: none;">
                            <input type="checkbox" name="value[]" onchange=" $('.filter-ajax-waiting').addClass('show');$(this).closest('form').submit();" id="frm-productFilter-categoryConstraintForm-value-1492" value="1492" aria-label="!Pěny a gely (21)">
                            <label for="frm-productFilter-categoryConstraintForm-value-1492">Pěny a gely (21)</label>
                        </div>


                                                         <div class="form-row" style="display: none;">
                            <input type="checkbox" name="value[]" onchange=" $('.filter-ajax-waiting').addClass('show');$(this).closest('form').submit();" id="frm-productFilter-categoryConstraintForm-value-1515" value="1515" aria-label="!Pěny a oleje do koupele (10)">
                            <label for="frm-productFilter-categoryConstraintForm-value-1515">Pěny a oleje do koupele (10)</label>
                        </div>


                                                         <div class="form-row" style="display: none;">
                            <input type="checkbox" name="value[]" onchange=" $('.filter-ajax-waiting').addClass('show');$(this).closest('form').submit();" id="frm-productFilter-categoryConstraintForm-value-1601" value="1601" aria-label="!Přebalovací podložky a vlhčené ubrousky (18)">
                            <label for="frm-productFilter-categoryConstraintForm-value-1601">Přebalovací podložky a vlhčené ubrousky (18)</label>
                        </div>


                                                         <div class="form-row" style="display: none;">
                            <input type="checkbox" name="value[]" onchange=" $('.filter-ajax-waiting').addClass('show');$(this).closest('form').submit();" id="frm-productFilter-categoryConstraintForm-value-1179" value="1179" aria-label="!Přírodní (4)">
                            <label for="frm-productFilter-categoryConstraintForm-value-1179">Přírodní (4)</label>
                        </div>


                                                         <div class="form-row" style="display: none;">
                            <input type="checkbox" name="value[]" onchange=" $('.filter-ajax-waiting').addClass('show');$(this).closest('form').submit();" id="frm-productFilter-categoryConstraintForm-value-1176" value="1176" aria-label="!Přírodní (8)">
                            <label for="frm-productFilter-categoryConstraintForm-value-1176">Přírodní (8)</label>
                        </div>


                                                         <div class="form-row" style="display: none;">
                            <input type="checkbox" name="value[]" onchange=" $('.filter-ajax-waiting').addClass('show');$(this).closest('form').submit();" id="frm-productFilter-categoryConstraintForm-value-1485" value="1485" aria-label="!Přírodní kosmetika (22)">
                            <label for="frm-productFilter-categoryConstraintForm-value-1485">Přírodní kosmetika (22)</label>
                        </div>


                                                         <div class="form-row" style="display: none;">
                            <input type="checkbox" name="value[]" onchange=" $('.filter-ajax-waiting').addClass('show');$(this).closest('form').submit();" id="frm-productFilter-categoryConstraintForm-value-1275" value="1275" aria-label="!Přísady na pečení (4)">
                            <label for="frm-productFilter-categoryConstraintForm-value-1275">Přísady na pečení (4)</label>
                        </div>


                                                         <div class="form-row" style="display: none;">
                            <input type="checkbox" name="value[]" onchange=" $('.filter-ajax-waiting').addClass('show');$(this).closest('form').submit();" id="frm-productFilter-categoryConstraintForm-value-1273" value="1273" aria-label="!Přísady na vaření a pečení (3)">
                            <label for="frm-productFilter-categoryConstraintForm-value-1273">Přísady na vaření a pečení (3)</label>
                        </div>


                                                         <div class="form-row" style="display: none;">
                            <input type="checkbox" name="value[]" onchange=" $('.filter-ajax-waiting').addClass('show');$(this).closest('form').submit();" id="frm-productFilter-categoryConstraintForm-value-1279" value="1279" aria-label="!Přísady pečení (4)">
                            <label for="frm-productFilter-categoryConstraintForm-value-1279">Přísady pečení (4)</label>
                        </div>


                                                         <div class="form-row" style="display: none;">
                            <input type="checkbox" name="value[]" onchange=" $('.filter-ajax-waiting').addClass('show');$(this).closest('form').submit();" id="frm-productFilter-categoryConstraintForm-value-1241" value="1241" aria-label="!Rajčata (11)">
                            <label for="frm-productFilter-categoryConstraintForm-value-1241">Rajčata (11)</label>
                        </div>


                                                         <div class="form-row" style="display: none;">
                            <input type="checkbox" name="value[]" onchange=" $('.filter-ajax-waiting').addClass('show');$(this).closest('form').submit();" id="frm-productFilter-categoryConstraintForm-value-1017" value="1017" aria-label="!Rajčata a papriky (1)">
                            <label for="frm-productFilter-categoryConstraintForm-value-1017">Rajčata a papriky (1)</label>
                        </div>


                                                         <div class="form-row" style="display: none;">
                            <input type="checkbox" name="value[]" onchange=" $('.filter-ajax-waiting').addClass('show');$(this).closest('form').submit();" id="frm-productFilter-categoryConstraintForm-value-1533" value="1533" aria-label="!Repelenty (3)">
                            <label for="frm-productFilter-categoryConstraintForm-value-1533">Repelenty (3)</label>
                        </div>


                                                         <div class="form-row" style="display: none;">
                            <input type="checkbox" name="value[]" onchange=" $('.filter-ajax-waiting').addClass('show');$(this).closest('form').submit();" id="frm-productFilter-categoryConstraintForm-value-1270" value="1270" aria-label="!Rostlinný (1)">
                            <label for="frm-productFilter-categoryConstraintForm-value-1270">Rostlinný (1)</label>
                        </div>


                                                         <div class="form-row" style="display: none;">
                            <input type="checkbox" name="value[]" onchange=" $('.filter-ajax-waiting').addClass('show');$(this).closest('form').submit();" id="frm-productFilter-categoryConstraintForm-value-1163" value="1163" aria-label="!Rozpustné kávoviny (2)">
                            <label for="frm-productFilter-categoryConstraintForm-value-1163">Rozpustné kávoviny (2)</label>
                        </div>


                                                         <div class="form-row" style="display: none;">
                            <input type="checkbox" name="value[]" onchange=" $('.filter-ajax-waiting').addClass('show');$(this).closest('form').submit();" id="frm-productFilter-categoryConstraintForm-value-1108" value="1108" aria-label="!Rum (41)">
                            <label for="frm-productFilter-categoryConstraintForm-value-1108">Rum (41)</label>
                        </div>


                                                         <div class="form-row" style="display: none;">
                            <input type="checkbox" name="value[]" onchange=" $('.filter-ajax-waiting').addClass('show');$(this).closest('form').submit();" id="frm-productFilter-categoryConstraintForm-value-1545" value="1545" aria-label="!Ruční mytí (5)">
                            <label for="frm-productFilter-categoryConstraintForm-value-1545">Ruční mytí (5)</label>
                        </div>


                                                         <div class="form-row" style="display: none;">
                            <input type="checkbox" name="value[]" onchange=" $('.filter-ajax-waiting').addClass('show');$(this).closest('form').submit();" id="frm-productFilter-categoryConstraintForm-value-1247" value="1247" aria-label="!Ryby (9)">
                            <label for="frm-productFilter-categoryConstraintForm-value-1247">Ryby (9)</label>
                        </div>


                                                         <div class="form-row" style="display: none;">
                            <input type="checkbox" name="value[]" onchange=" $('.filter-ajax-waiting').addClass('show');$(this).closest('form').submit();" id="frm-productFilter-categoryConstraintForm-value-1295" value="1295" aria-label="!Rýže (4)">
                            <label for="frm-productFilter-categoryConstraintForm-value-1295">Rýže (4)</label>
                        </div>


                                                         <div class="form-row" style="display: none;">
                            <input type="checkbox" name="value[]" onchange=" $('.filter-ajax-waiting').addClass('show');$(this).closest('form').submit();" id="frm-productFilter-categoryConstraintForm-value-942" value="942" aria-label="!Salátové a bílé (1)">
                            <label for="frm-productFilter-categoryConstraintForm-value-942">Salátové a bílé (1)</label>
                        </div>


                                                         <div class="form-row" style="display: none;">
                            <input type="checkbox" name="value[]" onchange=" $('.filter-ajax-waiting').addClass('show');$(this).closest('form').submit();" id="frm-productFilter-categoryConstraintForm-value-1249" value="1249" aria-label="!Sardinky (9)">
                            <label for="frm-productFilter-categoryConstraintForm-value-1249">Sardinky (9)</label>
                        </div>


                                                         <div class="form-row" style="display: none;">
                            <input type="checkbox" name="value[]" onchange=" $('.filter-ajax-waiting').addClass('show');$(this).closest('form').submit();" id="frm-productFilter-categoryConstraintForm-value-1424" value="1424" aria-label="!Semena (8)">
                            <label for="frm-productFilter-categoryConstraintForm-value-1424">Semena (8)</label>
                        </div>


                                                         <div class="form-row" style="display: none;">
                            <input type="checkbox" name="value[]" onchange=" $('.filter-ajax-waiting').addClass('show');$(this).closest('form').submit();" id="frm-productFilter-categoryConstraintForm-value-1000" value="1000" aria-label="!Semena (8)">
                            <label for="frm-productFilter-categoryConstraintForm-value-1000">Semena (8)</label>
                        </div>


                                                         <div class="form-row" style="display: none;">
                            <input type="checkbox" name="value[]" onchange=" $('.filter-ajax-waiting').addClass('show');$(this).closest('form').submit();" id="frm-productFilter-categoryConstraintForm-value-1304" value="1304" aria-label="!Semolinové (6)">
                            <label for="frm-productFilter-categoryConstraintForm-value-1304">Semolinové (6)</label>
                        </div>


                                                         <div class="form-row" style="display: none;">
                            <input type="checkbox" name="value[]" onchange=" $('.filter-ajax-waiting').addClass('show');$(this).closest('form').submit();" id="frm-productFilter-categoryConstraintForm-value-1203" value="1203" aria-label="!Sirupy (30)">
                            <label for="frm-productFilter-categoryConstraintForm-value-1203">Sirupy (30)</label>
                        </div>


                                                         <div class="form-row" style="display: none;">
                            <input type="checkbox" name="value[]" onchange=" $('.filter-ajax-waiting').addClass('show');$(this).closest('form').submit();" id="frm-productFilter-categoryConstraintForm-value-1200" value="1200" aria-label="!Sirupy a koncentráty (2)">
                            <label for="frm-productFilter-categoryConstraintForm-value-1200">Sirupy a koncentráty (2)</label>
                        </div>


                                                         <div class="form-row" style="display: none;">
                            <input type="checkbox" name="value[]" onchange=" $('.filter-ajax-waiting').addClass('show');$(this).closest('form').submit();" id="frm-productFilter-categoryConstraintForm-value-1794" value="1794" aria-label="!Skleničky a hrnečky (14)">
                            <label for="frm-productFilter-categoryConstraintForm-value-1794">Skleničky a hrnečky (14)</label>
                        </div>


                                                         <div class="form-row" style="display: none;">
                            <input type="checkbox" name="value[]" onchange=" $('.filter-ajax-waiting').addClass('show');$(this).closest('form').submit();" id="frm-productFilter-categoryConstraintForm-value-1319" value="1319" aria-label="!Sladkosti (4)">
                            <label for="frm-productFilter-categoryConstraintForm-value-1319">Sladkosti (4)</label>
                        </div>


                                                         <div class="form-row" style="display: none;">
                            <input type="checkbox" name="value[]" onchange=" $('.filter-ajax-waiting').addClass('show');$(this).closest('form').submit();" id="frm-productFilter-categoryConstraintForm-value-970" value="970" aria-label="!Sladkovodní (1)">
                            <label for="frm-productFilter-categoryConstraintForm-value-970">Sladkovodní (1)</label>
                        </div>


                                                         <div class="form-row" style="display: none;">
                            <input type="checkbox" name="value[]" onchange=" $('.filter-ajax-waiting').addClass('show');$(this).closest('form').submit();" id="frm-productFilter-categoryConstraintForm-value-1036" value="1036" aria-label="!Sladké pečivo balené (14)">
                            <label for="frm-productFilter-categoryConstraintForm-value-1036">Sladké pečivo balené (14)</label>
                        </div>


                                                         <div class="form-row" style="display: none;">
                            <input type="checkbox" name="value[]" onchange=" $('.filter-ajax-waiting').addClass('show');$(this).closest('form').submit();" id="frm-productFilter-categoryConstraintForm-value-1037" value="1037" aria-label="!Sladké pečivo volné (4)">
                            <label for="frm-productFilter-categoryConstraintForm-value-1037">Sladké pečivo volné (4)</label>
                        </div>


                                                         <div class="form-row" style="display: none;">
                            <input type="checkbox" name="value[]" onchange=" $('.filter-ajax-waiting').addClass('show');$(this).closest('form').submit();" id="frm-productFilter-categoryConstraintForm-value-1283" value="1283" aria-label="!Sladké směsi (9)">
                            <label for="frm-productFilter-categoryConstraintForm-value-1283">Sladké směsi (9)</label>
                        </div>


                                                         <div class="form-row" style="display: none;">
                            <input type="checkbox" name="value[]" onchange=" $('.filter-ajax-waiting').addClass('show');$(this).closest('form').submit();" id="frm-productFilter-categoryConstraintForm-value-1049" value="1049" aria-label="!Slanina a špek (2)">
                            <label for="frm-productFilter-categoryConstraintForm-value-1049">Slanina a špek (2)</label>
                        </div>


                                                         <div class="form-row" style="display: none;">
                            <input type="checkbox" name="value[]" onchange=" $('.filter-ajax-waiting').addClass('show');$(this).closest('form').submit();" id="frm-productFilter-categoryConstraintForm-value-1250" value="1250" aria-label="!Sledě (1)">
                            <label for="frm-productFilter-categoryConstraintForm-value-1250">Sledě (1)</label>
                        </div>


                                                         <div class="form-row" style="display: none;">
                            <input type="checkbox" name="value[]" onchange=" $('.filter-ajax-waiting').addClass('show');$(this).closest('form').submit();" id="frm-productFilter-categoryConstraintForm-value-1504" value="1504" aria-label="!Slipové (3)">
                            <label for="frm-productFilter-categoryConstraintForm-value-1504">Slipové (3)</label>
                        </div>


                                                         <div class="form-row" style="display: none;">
                            <input type="checkbox" name="value[]" onchange=" $('.filter-ajax-waiting').addClass('show');$(this).closest('form').submit();" id="frm-productFilter-categoryConstraintForm-value-1318" value="1318" aria-label="!Snacky (9)">
                            <label for="frm-productFilter-categoryConstraintForm-value-1318">Snacky (9)</label>
                        </div>


                                                         <div class="form-row" style="display: none;">
                            <input type="checkbox" name="value[]" onchange=" $('.filter-ajax-waiting').addClass('show');$(this).closest('form').submit();" id="frm-productFilter-categoryConstraintForm-value-943" value="943" aria-label="!Speciality (6)">
                            <label for="frm-productFilter-categoryConstraintForm-value-943">Speciality (6)</label>
                        </div>


                                                         <div class="form-row" style="display: none;">
                            <input type="checkbox" name="value[]" onchange=" $('.filter-ajax-waiting').addClass('show');$(this).closest('form').submit();" id="frm-productFilter-categoryConstraintForm-value-1075" value="1075" aria-label="!Speciality a antipasti (6)">
                            <label for="frm-productFilter-categoryConstraintForm-value-1075">Speciality a antipasti (6)</label>
                        </div>


                                                         <div class="form-row" style="display: none;">
                            <input type="checkbox" name="value[]" onchange=" $('.filter-ajax-waiting').addClass('show');$(this).closest('form').submit();" id="frm-productFilter-categoryConstraintForm-value-1191" value="1191" aria-label="!Speciální (3)">
                            <label for="frm-productFilter-categoryConstraintForm-value-1191">Speciální (3)</label>
                        </div>


                                                         <div class="form-row" style="display: none;">
                            <input type="checkbox" name="value[]" onchange=" $('.filter-ajax-waiting').addClass('show');$(this).closest('form').submit();" id="frm-productFilter-categoryConstraintForm-value-1508" value="1508" aria-label="!Sprchové gely (15)">
                            <label for="frm-productFilter-categoryConstraintForm-value-1508">Sprchové gely (15)</label>
                        </div>


                                                         <div class="form-row" style="display: none;">
                            <input type="checkbox" name="value[]" onchange=" $('.filter-ajax-waiting').addClass('show');$(this).closest('form').submit();" id="frm-productFilter-categoryConstraintForm-value-1472" value="1472" aria-label="!Spreje (14)">
                            <label for="frm-productFilter-categoryConstraintForm-value-1472">Spreje (14)</label>
                        </div>


                                                         <div class="form-row" style="display: none;">
                            <input type="checkbox" name="value[]" onchange=" $('.filter-ajax-waiting').addClass('show');$(this).closest('form').submit();" id="frm-productFilter-categoryConstraintForm-value-1477" value="1477" aria-label="!Spreje (22)">
                            <label for="frm-productFilter-categoryConstraintForm-value-1477">Spreje (22)</label>
                        </div>


                                                         <div class="form-row" style="display: none;">
                            <input type="checkbox" name="value[]" onchange=" $('.filter-ajax-waiting').addClass('show');$(this).closest('form').submit();" id="frm-productFilter-categoryConstraintForm-value-1359" value="1359" aria-label="!Steliva (3)">
                            <label for="frm-productFilter-categoryConstraintForm-value-1359">Steliva (3)</label>
                        </div>


                                                         <div class="form-row" style="display: none;">
                            <input type="checkbox" name="value[]" onchange=" $('.filter-ajax-waiting').addClass('show');$(this).closest('form').submit();" id="frm-productFilter-categoryConstraintForm-value-1584" value="1584" aria-label="!Steliva (9)">
                            <label for="frm-productFilter-categoryConstraintForm-value-1584">Steliva (9)</label>
                        </div>


                                                         <div class="form-row" style="display: none;">
                            <input type="checkbox" name="value[]" onchange=" $('.filter-ajax-waiting').addClass('show');$(this).closest('form').submit();" id="frm-productFilter-categoryConstraintForm-value-1162" value="1162" aria-label="!Studené nápoje (1)">
                            <label for="frm-productFilter-categoryConstraintForm-value-1162">Studené nápoje (1)</label>
                        </div>


                                                         <div class="form-row" style="display: none;">
                            <input type="checkbox" name="value[]" onchange=" $('.filter-ajax-waiting').addClass('show');$(this).closest('form').submit();" id="frm-productFilter-categoryConstraintForm-value-1333" value="1333" aria-label="!Střední čokoládové tyčinky (1)">
                            <label for="frm-productFilter-categoryConstraintForm-value-1333">Střední čokoládové tyčinky (1)</label>
                        </div>


                                                         <div class="form-row" style="display: none;">
                            <input type="checkbox" name="value[]" onchange=" $('.filter-ajax-waiting').addClass('show');$(this).closest('form').submit();" id="frm-productFilter-categoryConstraintForm-value-1257" value="1257" aria-label="!Středomořská (3)">
                            <label for="frm-productFilter-categoryConstraintForm-value-1257">Středomořská (3)</label>
                        </div>


                                                         <div class="form-row" style="display: none;">
                            <input type="checkbox" name="value[]" onchange=" $('.filter-ajax-waiting').addClass('show');$(this).closest('form').submit();" id="frm-productFilter-categoryConstraintForm-value-1422" value="1422" aria-label="!Substráty, rašeliny a mulčovací kůry (1)">
                            <label for="frm-productFilter-categoryConstraintForm-value-1422">Substráty, rašeliny a mulčovací kůry (1)</label>
                        </div>


                                                         <div class="form-row" style="display: none;">
                            <input type="checkbox" name="value[]" onchange=" $('.filter-ajax-waiting').addClass('show');$(this).closest('form').submit();" id="frm-productFilter-categoryConstraintForm-value-1192" value="1192" aria-label="!Sudové (3)">
                            <label for="frm-productFilter-categoryConstraintForm-value-1192">Sudové (3)</label>
                        </div>


                                                         <div class="form-row" style="display: none;">
                            <input type="checkbox" name="value[]" onchange=" $('.filter-ajax-waiting').addClass('show');$(this).closest('form').submit();" id="frm-productFilter-categoryConstraintForm-value-1306" value="1306" aria-label="!Superfood (8)">
                            <label for="frm-productFilter-categoryConstraintForm-value-1306">Superfood (8)</label>
                        </div>


                                                         <div class="form-row" style="display: none;">
                            <input type="checkbox" name="value[]" onchange=" $('.filter-ajax-waiting').addClass('show');$(this).closest('form').submit();" id="frm-productFilter-categoryConstraintForm-value-1345" value="1345" aria-label="!Sušenky mix (6)">
                            <label for="frm-productFilter-categoryConstraintForm-value-1345">Sušenky mix (6)</label>
                        </div>


                                                         <div class="form-row" style="display: none;">
                            <input type="checkbox" name="value[]" onchange=" $('.filter-ajax-waiting').addClass('show');$(this).closest('form').submit();" id="frm-productFilter-categoryConstraintForm-value-1346" value="1346" aria-label="!Sušenky neplněné (17)">
                            <label for="frm-productFilter-categoryConstraintForm-value-1346">Sušenky neplněné (17)</label>
                        </div>


                                                         <div class="form-row" style="display: none;">
                            <input type="checkbox" name="value[]" onchange=" $('.filter-ajax-waiting').addClass('show');$(this).closest('form').submit();" id="frm-productFilter-categoryConstraintForm-value-1347" value="1347" aria-label="!Sušenky plněné (4)">
                            <label for="frm-productFilter-categoryConstraintForm-value-1347">Sušenky plněné (4)</label>
                        </div>


                                                         <div class="form-row" style="display: none;">
                            <input type="checkbox" name="value[]" onchange=" $('.filter-ajax-waiting').addClass('show');$(this).closest('form').submit();" id="frm-productFilter-categoryConstraintForm-value-1002" value="1002" aria-label="!Sušené houby (2)">
                            <label for="frm-productFilter-categoryConstraintForm-value-1002">Sušené houby (2)</label>
                        </div>


                                                         <div class="form-row" style="display: none;">
                            <input type="checkbox" name="value[]" onchange=" $('.filter-ajax-waiting').addClass('show');$(this).closest('form').submit();" id="frm-productFilter-categoryConstraintForm-value-1003" value="1003" aria-label="!Sušené ovoce (8)">
                            <label for="frm-productFilter-categoryConstraintForm-value-1003">Sušené ovoce (8)</label>
                        </div>


                                                         <div class="form-row" style="display: none;">
                            <input type="checkbox" name="value[]" onchange=" $('.filter-ajax-waiting').addClass('show');$(this).closest('form').submit();" id="frm-productFilter-categoryConstraintForm-value-1004" value="1004" aria-label="!Sušené ovoce bez polevy (3)">
                            <label for="frm-productFilter-categoryConstraintForm-value-1004">Sušené ovoce bez polevy (3)</label>
                        </div>


                                                         <div class="form-row" style="display: none;">
                            <input type="checkbox" name="value[]" onchange=" $('.filter-ajax-waiting').addClass('show');$(this).closest('form').submit();" id="frm-productFilter-categoryConstraintForm-value-996" value="996" aria-label="!Sušené ořechy a semena (1)">
                            <label for="frm-productFilter-categoryConstraintForm-value-996">Sušené ořechy a semena (1)</label>
                        </div>


                                                         <div class="form-row" style="display: none;">
                            <input type="checkbox" name="value[]" onchange=" $('.filter-ajax-waiting').addClass('show');$(this).closest('form').submit();" id="frm-productFilter-categoryConstraintForm-value-1403" value="1403" aria-label="!Svíčky (42)">
                            <label for="frm-productFilter-categoryConstraintForm-value-1403">Svíčky (42)</label>
                        </div>


                                                         <div class="form-row" style="display: none;">
                            <input type="checkbox" name="value[]" onchange=" $('.filter-ajax-waiting').addClass('show');$(this).closest('form').submit();" id="frm-productFilter-categoryConstraintForm-value-1023" value="1023" aria-label="!Světlé pečivo (2)">
                            <label for="frm-productFilter-categoryConstraintForm-value-1023">Světlé pečivo (2)</label>
                        </div>


                                                         <div class="form-row" style="display: none;">
                            <input type="checkbox" name="value[]" onchange=" $('.filter-ajax-waiting').addClass('show');$(this).closest('form').submit();" id="frm-productFilter-categoryConstraintForm-value-1133" value="1133" aria-label="!Sypaný (2)">
                            <label for="frm-productFilter-categoryConstraintForm-value-1133">Sypaný (2)</label>
                        </div>


                                                         <div class="form-row" style="display: none;">
                            <input type="checkbox" name="value[]" onchange=" $('.filter-ajax-waiting').addClass('show');$(this).closest('form').submit();" id="frm-productFilter-categoryConstraintForm-value-1328" value="1328" aria-label="!Sáčkové bonbony (5)">
                            <label for="frm-productFilter-categoryConstraintForm-value-1328">Sáčkové bonbony (5)</label>
                        </div>


                                                         <div class="form-row" style="display: none;">
                            <input type="checkbox" name="value[]" onchange=" $('.filter-ajax-waiting').addClass('show');$(this).closest('form').submit();" id="frm-productFilter-categoryConstraintForm-value-751" value="751" aria-label="!Sójové a rostlinné produkty (1)">
                            <label for="frm-productFilter-categoryConstraintForm-value-751">Sójové a rostlinné produkty (1)</label>
                        </div>


                                                         <div class="form-row" style="display: none;">
                            <input type="checkbox" name="value[]" onchange=" $('.filter-ajax-waiting').addClass('show');$(this).closest('form').submit();" id="frm-productFilter-categoryConstraintForm-value-929" value="929" aria-label="!Sýry (5)">
                            <label for="frm-productFilter-categoryConstraintForm-value-929">Sýry (5)</label>
                        </div>


                                                         <div class="form-row" style="display: none;">
                            <input type="checkbox" name="value[]" onchange=" $('.filter-ajax-waiting').addClass('show');$(this).closest('form').submit();" id="frm-productFilter-categoryConstraintForm-value-1272" value="1272" aria-label="!Sůl (15)">
                            <label for="frm-productFilter-categoryConstraintForm-value-1272">Sůl (15)</label>
                        </div>


                                                         <div class="form-row" style="display: none;">
                            <input type="checkbox" name="value[]" onchange=" $('.filter-ajax-waiting').addClass('show');$(this).closest('form').submit();" id="frm-productFilter-categoryConstraintForm-value-1547" value="1547" aria-label="!Tablety (35)">
                            <label for="frm-productFilter-categoryConstraintForm-value-1547">Tablety (35)</label>
                        </div>


                                                         <div class="form-row" style="display: none;">
                            <input type="checkbox" name="value[]" onchange=" $('.filter-ajax-waiting').addClass('show');$(this).closest('form').submit();" id="frm-productFilter-categoryConstraintForm-value-1348" value="1348" aria-label="!Tabulkové čokolády (5)">
                            <label for="frm-productFilter-categoryConstraintForm-value-1348">Tabulkové čokolády (5)</label>
                        </div>


                                                         <div class="form-row" style="display: none;">
                            <input type="checkbox" name="value[]" onchange=" $('.filter-ajax-waiting').addClass('show');$(this).closest('form').submit();" id="frm-productFilter-categoryConstraintForm-value-1505" value="1505" aria-label="!Tampóny (3)">
                            <label for="frm-productFilter-categoryConstraintForm-value-1505">Tampóny (3)</label>
                        </div>


                                                         <div class="form-row" style="display: none;">
                            <input type="checkbox" name="value[]" onchange=" $('.filter-ajax-waiting').addClass('show');$(this).closest('form').submit();" id="frm-productFilter-categoryConstraintForm-value-1512" value="1512" aria-label="!Tekutá (4)">
                            <label for="frm-productFilter-categoryConstraintForm-value-1512">Tekutá (4)</label>
                        </div>


                                                         <div class="form-row" style="display: none;">
                            <input type="checkbox" name="value[]" onchange=" $('.filter-ajax-waiting').addClass('show');$(this).closest('form').submit();" id="frm-productFilter-categoryConstraintForm-value-1110" value="1110" aria-label="!Tequila (8)">
                            <label for="frm-productFilter-categoryConstraintForm-value-1110">Tequila (8)</label>
                        </div>


                                                         <div class="form-row" style="display: none;">
                            <input type="checkbox" name="value[]" onchange=" $('.filter-ajax-waiting').addClass('show');$(this).closest('form').submit();" id="frm-productFilter-categoryConstraintForm-value-951" value="951" aria-label="!Termizované (3)">
                            <label for="frm-productFilter-categoryConstraintForm-value-951">Termizované (3)</label>
                        </div>


                                                         <div class="form-row" style="display: none;">
                            <input type="checkbox" name="value[]" onchange=" $('.filter-ajax-waiting').addClass('show');$(this).closest('form').submit();" id="frm-productFilter-categoryConstraintForm-value-1193" value="1193" aria-label="!Tmavé (4)">
                            <label for="frm-productFilter-categoryConstraintForm-value-1193">Tmavé (4)</label>
                        </div>


                                                         <div class="form-row" style="display: none;">
                            <input type="checkbox" name="value[]" onchange=" $('.filter-ajax-waiting').addClass('show');$(this).closest('form').submit();" id="frm-productFilter-categoryConstraintForm-value-1555" value="1555" aria-label="!Toaletní papíry (3)">
                            <label for="frm-productFilter-categoryConstraintForm-value-1555">Toaletní papíry (3)</label>
                        </div>


                                                         <div class="form-row" style="display: none;">
                            <input type="checkbox" name="value[]" onchange=" $('.filter-ajax-waiting').addClass('show');$(this).closest('form').submit();" id="frm-productFilter-categoryConstraintForm-value-1480" value="1480" aria-label="!Toaletní vody, parfémy (1)">
                            <label for="frm-productFilter-categoryConstraintForm-value-1480">Toaletní vody, parfémy (1)</label>
                        </div>


                                                         <div class="form-row" style="display: none;">
                            <input type="checkbox" name="value[]" onchange=" $('.filter-ajax-waiting').addClass('show');$(this).closest('form').submit();" id="frm-productFilter-categoryConstraintForm-value-1342" value="1342" aria-label="!Trubičky (1)">
                            <label for="frm-productFilter-categoryConstraintForm-value-1342">Trubičky (1)</label>
                        </div>


                                                         <div class="form-row" style="display: none;">
                            <input type="checkbox" name="value[]" onchange=" $('.filter-ajax-waiting').addClass('show');$(this).closest('form').submit();" id="frm-productFilter-categoryConstraintForm-value-1038" value="1038" aria-label="!Trvanlivé pečivo (1)">
                            <label for="frm-productFilter-categoryConstraintForm-value-1038">Trvanlivé pečivo (1)</label>
                        </div>


                                                         <div class="form-row" style="display: none;">
                            <input type="checkbox" name="value[]" onchange=" $('.filter-ajax-waiting').addClass('show');$(this).closest('form').submit();" id="frm-productFilter-categoryConstraintForm-value-1478" value="1478" aria-label="!Tuhé (10)">
                            <label for="frm-productFilter-categoryConstraintForm-value-1478">Tuhé (10)</label>
                        </div>


                                                         <div class="form-row" style="display: none;">
                            <input type="checkbox" name="value[]" onchange=" $('.filter-ajax-waiting').addClass('show');$(this).closest('form').submit();" id="frm-productFilter-categoryConstraintForm-value-1473" value="1473" aria-label="!Tuhé (3)">
                            <label for="frm-productFilter-categoryConstraintForm-value-1473">Tuhé (3)</label>
                        </div>


                                                         <div class="form-row" style="display: none;">
                            <input type="checkbox" name="value[]" onchange=" $('.filter-ajax-waiting').addClass('show');$(this).closest('form').submit();" id="frm-productFilter-categoryConstraintForm-value-1120" value="1120" aria-label="!Tuzemská (11)">
                            <label for="frm-productFilter-categoryConstraintForm-value-1120">Tuzemská (11)</label>
                        </div>


                                                         <div class="form-row" style="display: none;">
                            <input type="checkbox" name="value[]" onchange=" $('.filter-ajax-waiting').addClass('show');$(this).closest('form').submit();" id="frm-productFilter-categoryConstraintForm-value-1123" value="1123" aria-label="!Tuzemská (20)">
                            <label for="frm-productFilter-categoryConstraintForm-value-1123">Tuzemská (20)</label>
                        </div>


                            <div class="form-row">
                            <input type="checkbox" name="value[]" onchange=" $('.filter-ajax-waiting').addClass('show');$(this).closest('form').submit();" id="frm-productFilter-categoryConstraintForm-value-1117" value="1117" aria-label="!Tuzemská (54)">
                            <label for="frm-productFilter-categoryConstraintForm-value-1117">Tuzemská (54)</label>
                        </div>


                            <div class="form-row">
                            <input type="checkbox" name="value[]" onchange=" $('.filter-ajax-waiting').addClass('show');$(this).closest('form').submit();" id="frm-productFilter-categoryConstraintForm-value-1114" value="1114" aria-label="!Tuzemská (88)">
                            <label for="frm-productFilter-categoryConstraintForm-value-1114">Tuzemská (88)</label>
                        </div>


                                                         <div class="form-row" style="display: none;">
                            <input type="checkbox" name="value[]" onchange=" $('.filter-ajax-waiting').addClass('show');$(this).closest('form').submit();" id="frm-productFilter-categoryConstraintForm-value-1251" value="1251" aria-label="!Tuňák (24)">
                            <label for="frm-productFilter-categoryConstraintForm-value-1251">Tuňák (24)</label>
                        </div>


                                                         <div class="form-row" style="display: none;">
                            <input type="checkbox" name="value[]" onchange=" $('.filter-ajax-waiting').addClass('show');$(this).closest('form').submit();" id="frm-productFilter-categoryConstraintForm-value-1522" value="1522" aria-label="!Tužidla (25)">
                            <label for="frm-productFilter-categoryConstraintForm-value-1522">Tužidla (25)</label>
                        </div>


                                                         <div class="form-row" style="display: none;">
                            <input type="checkbox" name="value[]" onchange=" $('.filter-ajax-waiting').addClass('show');$(this).closest('form').submit();" id="frm-productFilter-categoryConstraintForm-value-927" value="927" aria-label="!Tvaroh (1)">
                            <label for="frm-productFilter-categoryConstraintForm-value-927">Tvaroh (1)</label>
                        </div>


                                                         <div class="form-row" style="display: none;">
                            <input type="checkbox" name="value[]" onchange=" $('.filter-ajax-waiting').addClass('show');$(this).closest('form').submit();" id="frm-productFilter-categoryConstraintForm-value-1904" value="1904" aria-label="!Tvarohové (1)">
                            <label for="frm-productFilter-categoryConstraintForm-value-1904">Tvarohové (1)</label>
                        </div>


                                                         <div class="form-row" style="display: none;">
                            <input type="checkbox" name="value[]" onchange=" $('.filter-ajax-waiting').addClass('show');$(this).closest('form').submit();" id="frm-productFilter-categoryConstraintForm-value-1212" value="1212" aria-label="!Tyčinky (10)">
                            <label for="frm-productFilter-categoryConstraintForm-value-1212">Tyčinky (10)</label>
                        </div>


                            <div class="form-row">
                            <input type="checkbox" name="value[]" onchange=" $('.filter-ajax-waiting').addClass('show');$(this).closest('form').submit();" id="frm-productFilter-categoryConstraintForm-value-1525" value="1525" aria-label="!Tělová mléka a krémy (88)">
                            <label for="frm-productFilter-categoryConstraintForm-value-1525">Tělová mléka a krémy (88)</label>
                        </div>


                                                         <div class="form-row" style="display: none;">
                            <input type="checkbox" name="value[]" onchange=" $('.filter-ajax-waiting').addClass('show');$(this).closest('form').submit();" id="frm-productFilter-categoryConstraintForm-value-1301" value="1301" aria-label="!Těstoviny (20)">
                            <label for="frm-productFilter-categoryConstraintForm-value-1301">Těstoviny (20)</label>
                        </div>


                                                         <div class="form-row" style="display: none;">
                            <input type="checkbox" name="value[]" onchange=" $('.filter-ajax-waiting').addClass('show');$(this).closest('form').submit();" id="frm-productFilter-categoryConstraintForm-value-1390" value="1390" aria-label="!Třídění, archivace (30)">
                            <label for="frm-productFilter-categoryConstraintForm-value-1390">Třídění, archivace (30)</label>
                        </div>


                                                         <div class="form-row" style="display: none;">
                            <input type="checkbox" name="value[]" onchange=" $('.filter-ajax-waiting').addClass('show');$(this).closest('form').submit();" id="frm-productFilter-categoryConstraintForm-value-1792" value="1792" aria-label="!Ubrousky (1)">
                            <label for="frm-productFilter-categoryConstraintForm-value-1792">Ubrousky (1)</label>
                        </div>


                                                         <div class="form-row" style="display: none;">
                            <input type="checkbox" name="value[]" onchange=" $('.filter-ajax-waiting').addClass('show');$(this).closest('form').submit();" id="frm-productFilter-categoryConstraintForm-value-1798" value="1798" aria-label="!Uchovávání potravin (17)">
                            <label for="frm-productFilter-categoryConstraintForm-value-1798">Uchovávání potravin (17)</label>
                        </div>


                                                         <div class="form-row" style="display: none;">
                            <input type="checkbox" name="value[]" onchange=" $('.filter-ajax-waiting').addClass('show');$(this).closest('form').submit();" id="frm-productFilter-categoryConstraintForm-value-1568" value="1568" aria-label="!Unisex (3)">
                            <label for="frm-productFilter-categoryConstraintForm-value-1568">Unisex (3)</label>
                        </div>


                                                         <div class="form-row" style="display: none;">
                            <input type="checkbox" name="value[]" onchange=" $('.filter-ajax-waiting').addClass('show');$(this).closest('form').submit();" id="frm-productFilter-categoryConstraintForm-value-1466" value="1466" aria-label="!Univerzální (6)">
                            <label for="frm-productFilter-categoryConstraintForm-value-1466">Univerzální (6)</label>
                        </div>


                                                         <div class="form-row" style="display: none;">
                            <input type="checkbox" name="value[]" onchange=" $('.filter-ajax-waiting').addClass('show');$(this).closest('form').submit();" id="frm-productFilter-categoryConstraintForm-value-1041" value="1041" aria-label="!Uzená  masa (1)">
                            <label for="frm-productFilter-categoryConstraintForm-value-1041">Uzená  masa (1)</label>
                        </div>


                                                         <div class="form-row" style="display: none;">
                            <input type="checkbox" name="value[]" onchange=" $('.filter-ajax-waiting').addClass('show');$(this).closest('form').submit();" id="frm-productFilter-categoryConstraintForm-value-1069" value="1069" aria-label="!Uzené a sušené ryby (5)">
                            <label for="frm-productFilter-categoryConstraintForm-value-1069">Uzené a sušené ryby (5)</label>
                        </div>


                                                         <div class="form-row" style="display: none;">
                            <input type="checkbox" name="value[]" onchange=" $('.filter-ajax-waiting').addClass('show');$(this).closest('form').submit();" id="frm-productFilter-categoryConstraintForm-value-1305" value="1305" aria-label="!Vaječné (6)">
                            <label for="frm-productFilter-categoryConstraintForm-value-1305">Vaječné (6)</label>
                        </div>


                                                         <div class="form-row" style="display: none;">
                            <input type="checkbox" name="value[]" onchange=" $('.filter-ajax-waiting').addClass('show');$(this).closest('form').submit();" id="frm-productFilter-categoryConstraintForm-value-1099" value="1099" aria-label="!Vaničky (8)">
                            <label for="frm-productFilter-categoryConstraintForm-value-1099">Vaničky (8)</label>
                        </div>


                                                         <div class="form-row" style="display: none;">
                            <input type="checkbox" name="value[]" onchange=" $('.filter-ajax-waiting').addClass('show');$(this).closest('form').submit();" id="frm-productFilter-categoryConstraintForm-value-928" value="928" aria-label="!Vejce (1)">
                            <label for="frm-productFilter-categoryConstraintForm-value-928">Vejce (1)</label>
                        </div>


                                                         <div class="form-row" style="display: none;">
                            <input type="checkbox" name="value[]" onchange=" $('.filter-ajax-waiting').addClass('show');$(this).closest('form').submit();" id="frm-productFilter-categoryConstraintForm-value-1586" value="1586" aria-label="!Velikost 1 (4)">
                            <label for="frm-productFilter-categoryConstraintForm-value-1586">Velikost 1 (4)</label>
                        </div>


                                                         <div class="form-row" style="display: none;">
                            <input type="checkbox" name="value[]" onchange=" $('.filter-ajax-waiting').addClass('show');$(this).closest('form').submit();" id="frm-productFilter-categoryConstraintForm-value-1587" value="1587" aria-label="!Velikost 2 (5)">
                            <label for="frm-productFilter-categoryConstraintForm-value-1587">Velikost 2 (5)</label>
                        </div>


                                                         <div class="form-row" style="display: none;">
                            <input type="checkbox" name="value[]" onchange=" $('.filter-ajax-waiting').addClass('show');$(this).closest('form').submit();" id="frm-productFilter-categoryConstraintForm-value-1588" value="1588" aria-label="!Velikost 3 (4)">
                            <label for="frm-productFilter-categoryConstraintForm-value-1588">Velikost 3 (4)</label>
                        </div>


                                                         <div class="form-row" style="display: none;">
                            <input type="checkbox" name="value[]" onchange=" $('.filter-ajax-waiting').addClass('show');$(this).closest('form').submit();" id="frm-productFilter-categoryConstraintForm-value-1589" value="1589" aria-label="!Velikost 4 (7)">
                            <label for="frm-productFilter-categoryConstraintForm-value-1589">Velikost 4 (7)</label>
                        </div>


                                                         <div class="form-row" style="display: none;">
                            <input type="checkbox" name="value[]" onchange=" $('.filter-ajax-waiting').addClass('show');$(this).closest('form').submit();" id="frm-productFilter-categoryConstraintForm-value-1590" value="1590" aria-label="!Velikost 5 (5)">
                            <label for="frm-productFilter-categoryConstraintForm-value-1590">Velikost 5 (5)</label>
                        </div>


                                                         <div class="form-row" style="display: none;">
                            <input type="checkbox" name="value[]" onchange=" $('.filter-ajax-waiting').addClass('show');$(this).closest('form').submit();" id="frm-productFilter-categoryConstraintForm-value-1591" value="1591" aria-label="!Velikost 6 (3)">
                            <label for="frm-productFilter-categoryConstraintForm-value-1591">Velikost 6 (3)</label>
                        </div>


                                                         <div class="form-row" style="display: none;">
                            <input type="checkbox" name="value[]" onchange=" $('.filter-ajax-waiting').addClass('show');$(this).closest('form').submit();" id="frm-productFilter-categoryConstraintForm-value-1199" value="1199" aria-label="!Velká Británie (2)">
                            <label for="frm-productFilter-categoryConstraintForm-value-1199">Velká Británie (2)</label>
                        </div>


                                                         <div class="form-row" style="display: none;">
                            <input type="checkbox" name="value[]" onchange=" $('.filter-ajax-waiting').addClass('show');$(this).closest('form').submit();" id="frm-productFilter-categoryConstraintForm-value-973" value="973" aria-label="!Vepřové (2)">
                            <label for="frm-productFilter-categoryConstraintForm-value-973">Vepřové (2)</label>
                        </div>


                            <div class="form-row">
                            <input type="checkbox" name="value[]" onchange=" $('.filter-ajax-waiting').addClass('show');$(this).closest('form').submit();" id="frm-productFilter-categoryConstraintForm-value-1109" value="1109" aria-label="!Vodka (61)">
                            <label for="frm-productFilter-categoryConstraintForm-value-1109">Vodka (61)</label>
                        </div>


                                                         <div class="form-row" style="display: none;">
                            <input type="checkbox" name="value[]" onchange=" $('.filter-ajax-waiting').addClass('show');$(this).closest('form').submit();" id="frm-productFilter-categoryConstraintForm-value-1613" value="1613" aria-label="!Vody (1)">
                            <label for="frm-productFilter-categoryConstraintForm-value-1613">Vody (1)</label>
                        </div>


                                                         <div class="form-row" style="display: none;">
                            <input type="checkbox" name="value[]" onchange=" $('.filter-ajax-waiting').addClass('show');$(this).closest('form').submit();" id="frm-productFilter-categoryConstraintForm-value-1921" value="1921" aria-label="!Vánoční figurky (14)">
                            <label for="frm-productFilter-categoryConstraintForm-value-1921">Vánoční figurky (14)</label>
                        </div>


                                                         <div class="form-row" style="display: none;">
                            <input type="checkbox" name="value[]" onchange=" $('.filter-ajax-waiting').addClass('show');$(this).closest('form').submit();" id="frm-productFilter-categoryConstraintForm-value-1673" value="1673" aria-label="!Vánoční kolekce (32)">
                            <label for="frm-productFilter-categoryConstraintForm-value-1673">Vánoční kolekce (32)</label>
                        </div>


                                                         <div class="form-row" style="display: none;">
                            <input type="checkbox" name="value[]" onchange=" $('.filter-ajax-waiting').addClass('show');$(this).closest('form').submit();" id="frm-productFilter-categoryConstraintForm-value-1235" value="1235" aria-label="!Vícedruhová zelenina (4)">
                            <label for="frm-productFilter-categoryConstraintForm-value-1235">Vícedruhová zelenina (4)</label>
                        </div>


                                                         <div class="form-row" style="display: none;">
                            <input type="checkbox" name="value[]" onchange=" $('.filter-ajax-waiting').addClass('show');$(this).closest('form').submit();" id="frm-productFilter-categoryConstraintForm-value-1025" value="1025" aria-label="!Vícezrnné a tmavé pečivo (2)">
                            <label for="frm-productFilter-categoryConstraintForm-value-1025">Vícezrnné a tmavé pečivo (2)</label>
                        </div>


                                                         <div class="form-row" style="display: none;">
                            <input type="checkbox" name="value[]" onchange=" $('.filter-ajax-waiting').addClass('show');$(this).closest('form').submit();" id="frm-productFilter-categoryConstraintForm-value-1112" value="1112" aria-label="!Vína (7)">
                            <label for="frm-productFilter-categoryConstraintForm-value-1112">Vína (7)</label>
                        </div>


                            <div class="form-row">
                            <input type="checkbox" name="value[]" onchange=" $('.filter-ajax-waiting').addClass('show');$(this).closest('form').submit();" id="frm-productFilter-categoryConstraintForm-value-616" value="616" aria-label="!Výprodej (231)">
                            <label for="frm-productFilter-categoryConstraintForm-value-616">Výprodej (231)</label>
                        </div>


                                                         <div class="form-row" style="display: none;">
                            <input type="checkbox" name="value[]" onchange=" $('.filter-ajax-waiting').addClass('show');$(this).closest('form').submit();" id="frm-productFilter-categoryConstraintForm-value-1381" value="1381" aria-label="!Výtvarné potřeby (2)">
                            <label for="frm-productFilter-categoryConstraintForm-value-1381">Výtvarné potřeby (2)</label>
                        </div>


                                                         <div class="form-row" style="display: none;">
                            <input type="checkbox" name="value[]" onchange=" $('.filter-ajax-waiting').addClass('show');$(this).closest('form').submit();" id="frm-productFilter-categoryConstraintForm-value-1194" value="1194" aria-label="!Výčepní (1)">
                            <label for="frm-productFilter-categoryConstraintForm-value-1194">Výčepní (1)</label>
                        </div>


                                                         <div class="form-row" style="display: none;">
                            <input type="checkbox" name="value[]" onchange=" $('.filter-ajax-waiting').addClass('show');$(this).closest('form').submit();" id="frm-productFilter-categoryConstraintForm-value-1404" value="1404" aria-label="!Vůně (5)">
                            <label for="frm-productFilter-categoryConstraintForm-value-1404">Vůně (5)</label>
                        </div>


                                                         <div class="form-row" style="display: none;">
                            <input type="checkbox" name="value[]" onchange=" $('.filter-ajax-waiting').addClass('show');$(this).closest('form').submit();" id="frm-productFilter-categoryConstraintForm-value-1552" value="1552" aria-label="!Vůně a čističe (3)">
                            <label for="frm-productFilter-categoryConstraintForm-value-1552">Vůně a čističe (3)</label>
                        </div>


                                                         <div class="form-row" style="display: none;">
                            <input type="checkbox" name="value[]" onchange=" $('.filter-ajax-waiting').addClass('show');$(this).closest('form').submit();" id="frm-productFilter-categoryConstraintForm-value-1461" value="1461" aria-label="!WC bloky a gely (7)">
                            <label for="frm-productFilter-categoryConstraintForm-value-1461">WC bloky a gely (7)</label>
                        </div>


                                                         <div class="form-row" style="display: none;">
                            <input type="checkbox" name="value[]" onchange=" $('.filter-ajax-waiting').addClass('show');$(this).closest('form').submit();" id="frm-productFilter-categoryConstraintForm-value-1111" value="1111" aria-label="!Whisky a bourbon (45)">
                            <label for="frm-productFilter-categoryConstraintForm-value-1111">Whisky a bourbon (45)</label>
                        </div>


                                                         <div class="form-row" style="display: none;">
                            <input type="checkbox" name="value[]" onchange=" $('.filter-ajax-waiting').addClass('show');$(this).closest('form').submit();" id="frm-productFilter-categoryConstraintForm-value-1420" value="1420" aria-label="!Zahrada (6)">
                            <label for="frm-productFilter-categoryConstraintForm-value-1420">Zahrada (6)</label>
                        </div>


                                                         <div class="form-row" style="display: none;">
                            <input type="checkbox" name="value[]" onchange=" $('.filter-ajax-waiting').addClass('show');$(this).closest('form').submit();" id="frm-productFilter-categoryConstraintForm-value-1195" value="1195" aria-label="!Zahraniční (1)">
                            <label for="frm-productFilter-categoryConstraintForm-value-1195">Zahraniční (1)</label>
                        </div>


                                                         <div class="form-row" style="display: none;">
                            <input type="checkbox" name="value[]" onchange=" $('.filter-ajax-waiting').addClass('show');$(this).closest('form').submit();" id="frm-productFilter-categoryConstraintForm-value-1124" value="1124" aria-label="!Zahraniční (22)">
                            <label for="frm-productFilter-categoryConstraintForm-value-1124">Zahraniční (22)</label>
                        </div>


                            <div class="form-row">
                            <input type="checkbox" name="value[]" onchange=" $('.filter-ajax-waiting').addClass('show');$(this).closest('form').submit();" id="frm-productFilter-categoryConstraintForm-value-1118" value="1118" aria-label="!Zahraniční (51)">
                            <label for="frm-productFilter-categoryConstraintForm-value-1118">Zahraniční (51)</label>
                        </div>


                            <div class="form-row">
                            <input type="checkbox" name="value[]" onchange=" $('.filter-ajax-waiting').addClass('show');$(this).closest('form').submit();" id="frm-productFilter-categoryConstraintForm-value-1115" value="1115" aria-label="!Zahraniční (52)">
                            <label for="frm-productFilter-categoryConstraintForm-value-1115">Zahraniční (52)</label>
                        </div>


                                                         <div class="form-row" style="display: none;">
                            <input type="checkbox" name="value[]" onchange=" $('.filter-ajax-waiting').addClass('show');$(this).closest('form').submit();" id="frm-productFilter-categoryConstraintForm-value-1121" value="1121" aria-label="!Zahraniční (8)">
                            <label for="frm-productFilter-categoryConstraintForm-value-1121">Zahraniční (8)</label>
                        </div>


                                                         <div class="form-row" style="display: none;">
                            <input type="checkbox" name="value[]" onchange=" $('.filter-ajax-waiting').addClass('show');$(this).closest('form').submit();" id="frm-productFilter-categoryConstraintForm-value-1286" value="1286" aria-label="!Zahušťovadla (4)">
                            <label for="frm-productFilter-categoryConstraintForm-value-1286">Zahušťovadla (4)</label>
                        </div>


                                                         <div class="form-row" style="display: none;">
                            <input type="checkbox" name="value[]" onchange=" $('.filter-ajax-waiting').addClass('show');$(this).closest('form').submit();" id="frm-productFilter-categoryConstraintForm-value-1" value="1" aria-label="!Zboží (3)">
                            <label for="frm-productFilter-categoryConstraintForm-value-1">Zboží (3)</label>
                        </div>


                                                         <div class="form-row" style="display: none;">
                            <input type="checkbox" name="value[]" onchange=" $('.filter-ajax-waiting').addClass('show');$(this).closest('form').submit();" id="frm-productFilter-categoryConstraintForm-value-1869" value="1869" aria-label="!Zdravotnický materiál a diagnostika (1)">
                            <label for="frm-productFilter-categoryConstraintForm-value-1869">Zdravotnický materiál a diagnostika (1)</label>
                        </div>


                                                         <div class="form-row" style="display: none;">
                            <input type="checkbox" name="value[]" onchange=" $('.filter-ajax-waiting').addClass('show');$(this).closest('form').submit();" id="frm-productFilter-categoryConstraintForm-value-1898" value="1898" aria-label="!Zelenina jednodruhová (8)">
                            <label for="frm-productFilter-categoryConstraintForm-value-1898">Zelenina jednodruhová (8)</label>
                        </div>


                                                         <div class="form-row" style="display: none;">
                            <input type="checkbox" name="value[]" onchange=" $('.filter-ajax-waiting').addClass('show');$(this).closest('form').submit();" id="frm-productFilter-categoryConstraintForm-value-1899" value="1899" aria-label="!Zeleninové směsi (3)">
                            <label for="frm-productFilter-categoryConstraintForm-value-1899">Zeleninové směsi (3)</label>
                        </div>


                                                         <div class="form-row" style="display: none;">
                            <input type="checkbox" name="value[]" onchange=" $('.filter-ajax-waiting').addClass('show');$(this).closest('form').submit();" id="frm-productFilter-categoryConstraintForm-value-1134" value="1134" aria-label="!Zelený (2)">
                            <label for="frm-productFilter-categoryConstraintForm-value-1134">Zelený (2)</label>
                        </div>


                                                         <div class="form-row" style="display: none;">
                            <input type="checkbox" name="value[]" onchange=" $('.filter-ajax-waiting').addClass('show');$(this).closest('form').submit();" id="frm-productFilter-categoryConstraintForm-value-1242" value="1242" aria-label="!Zelí (1)">
                            <label for="frm-productFilter-categoryConstraintForm-value-1242">Zelí (1)</label>
                        </div>


                                                         <div class="form-row" style="display: none;">
                            <input type="checkbox" name="value[]" onchange=" $('.filter-ajax-waiting').addClass('show');$(this).closest('form').submit();" id="frm-productFilter-categoryConstraintForm-value-1095" value="1095" aria-label="!Zmrzliny (1)">
                            <label for="frm-productFilter-categoryConstraintForm-value-1095">Zmrzliny (1)</label>
                        </div>


                                                         <div class="form-row" style="display: none;">
                            <input type="checkbox" name="value[]" onchange=" $('.filter-ajax-waiting').addClass('show');$(this).closest('form').submit();" id="frm-productFilter-categoryConstraintForm-value-1142" value="1142" aria-label="!Zrnková (10)">
                            <label for="frm-productFilter-categoryConstraintForm-value-1142">Zrnková (10)</label>
                        </div>


                                                         <div class="form-row" style="display: none;">
                            <input type="checkbox" name="value[]" onchange=" $('.filter-ajax-waiting').addClass('show');$(this).closest('form').submit();" id="frm-productFilter-categoryConstraintForm-value-1365" value="1365" aria-label="!Zubní hygiena (2)">
                            <label for="frm-productFilter-categoryConstraintForm-value-1365">Zubní hygiena (2)</label>
                        </div>


                                                         <div class="form-row" style="display: none;">
                            <input type="checkbox" name="value[]" onchange=" $('.filter-ajax-waiting').addClass('show');$(this).closest('form').submit();" id="frm-productFilter-categoryConstraintForm-value-1497" value="1497" aria-label="!Zubní kartáčky (20)">
                            <label for="frm-productFilter-categoryConstraintForm-value-1497">Zubní kartáčky (20)</label>
                        </div>


                                                         <div class="form-row" style="display: none;">
                            <input type="checkbox" name="value[]" onchange=" $('.filter-ajax-waiting').addClass('show');$(this).closest('form').submit();" id="frm-productFilter-categoryConstraintForm-value-1496" value="1496" aria-label="!Zubní pasty (17)">
                            <label for="frm-productFilter-categoryConstraintForm-value-1496">Zubní pasty (17)</label>
                        </div>


                                                         <div class="form-row" style="display: none;">
                            <input type="checkbox" name="value[]" onchange=" $('.filter-ajax-waiting').addClass('show');$(this).closest('form').submit();" id="frm-productFilter-categoryConstraintForm-value-1364" value="1364" aria-label="!Zásypy a krémy na zadeček (1)">
                            <label for="frm-productFilter-categoryConstraintForm-value-1364">Zásypy a krémy na zadeček (1)</label>
                        </div>


                                                         <div class="form-row" style="display: none;">
                            <input type="checkbox" name="value[]" onchange=" $('.filter-ajax-waiting').addClass('show');$(this).closest('form').submit();" id="frm-productFilter-categoryConstraintForm-value-1593" value="1593" aria-label="!bio pleny (6)">
                            <label for="frm-productFilter-categoryConstraintForm-value-1593">bio pleny (6)</label>
                        </div>


                                                         <div class="form-row" style="display: none;">
                            <input type="checkbox" name="value[]" onchange=" $('.filter-ajax-waiting').addClass('show');$(this).closest('form').submit();" id="frm-productFilter-categoryConstraintForm-value-1495" value="1495" aria-label="!Ústní hygiena (4)">
                            <label for="frm-productFilter-categoryConstraintForm-value-1495">Ústní hygiena (4)</label>
                        </div>


                                                         <div class="form-row" style="display: none;">
                            <input type="checkbox" name="value[]" onchange=" $('.filter-ajax-waiting').addClass('show');$(this).closest('form').submit();" id="frm-productFilter-categoryConstraintForm-value-1498" value="1498" aria-label="!Ústní vody (8)">
                            <label for="frm-productFilter-categoryConstraintForm-value-1498">Ústní vody (8)</label>
                        </div>


                                                         <div class="form-row" style="display: none;">
                            <input type="checkbox" name="value[]" onchange=" $('.filter-ajax-waiting').addClass('show');$(this).closest('form').submit();" id="frm-productFilter-categoryConstraintForm-value-1126" value="1126" aria-label="!Čaj (2)">
                            <label for="frm-productFilter-categoryConstraintForm-value-1126">Čaj (2)</label>
                        </div>


                                                         <div class="form-row" style="display: none;">
                            <input type="checkbox" name="value[]" onchange=" $('.filter-ajax-waiting').addClass('show');$(this).closest('form').submit();" id="frm-productFilter-categoryConstraintForm-value-1130" value="1130" aria-label="!Černý (15)">
                            <label for="frm-productFilter-categoryConstraintForm-value-1130">Černý (15)</label>
                        </div>


                                                         <div class="form-row" style="display: none;">
                            <input type="checkbox" name="value[]" onchange=" $('.filter-ajax-waiting').addClass('show');$(this).closest('form').submit();" id="frm-productFilter-categoryConstraintForm-value-1147" value="1147" aria-label="!Čerstvé džusy (1)">
                            <label for="frm-productFilter-categoryConstraintForm-value-1147">Čerstvé džusy (1)</label>
                        </div>


                                                         <div class="form-row" style="display: none;">
                            <input type="checkbox" name="value[]" onchange=" $('.filter-ajax-waiting').addClass('show');$(this).closest('form').submit();" id="frm-productFilter-categoryConstraintForm-value-925" value="925" aria-label="!Čerstvé smetany (1)">
                            <label for="frm-productFilter-categoryConstraintForm-value-925">Čerstvé smetany (1)</label>
                        </div>


                                                         <div class="form-row" style="display: none;">
                            <input type="checkbox" name="value[]" onchange=" $('.filter-ajax-waiting').addClass('show');$(this).closest('form').submit();" id="frm-productFilter-categoryConstraintForm-value-1116" value="1116" aria-label="!Červená (42)">
                            <label for="frm-productFilter-categoryConstraintForm-value-1116">Červená (42)</label>
                        </div>


                                                         <div class="form-row" style="display: none;">
                            <input type="checkbox" name="value[]" onchange=" $('.filter-ajax-waiting').addClass('show');$(this).closest('form').submit();" id="frm-productFilter-categoryConstraintForm-value-1462" value="1462" aria-label="!Čističe (1)">
                            <label for="frm-productFilter-categoryConstraintForm-value-1462">Čističe (1)</label>
                        </div>


                                                         <div class="form-row" style="display: none;">
                            <input type="checkbox" name="value[]" onchange=" $('.filter-ajax-waiting').addClass('show');$(this).closest('form').submit();" id="frm-productFilter-categoryConstraintForm-value-1484" value="1484" aria-label="!Čistící prostředky (5)">
                            <label for="frm-productFilter-categoryConstraintForm-value-1484">Čistící prostředky (5)</label>
                        </div>


                                                         <div class="form-row" style="display: none;">
                            <input type="checkbox" name="value[]" onchange=" $('.filter-ajax-waiting').addClass('show');$(this).closest('form').submit();" id="frm-productFilter-categoryConstraintForm-value-1219" value="1219" aria-label="!Čokokrémy (4)">
                            <label for="frm-productFilter-categoryConstraintForm-value-1219">Čokokrémy (4)</label>
                        </div>


                                                         <div class="form-row" style="display: none;">
                            <input type="checkbox" name="value[]" onchange=" $('.filter-ajax-waiting').addClass('show');$(this).closest('form').submit();" id="frm-productFilter-categoryConstraintForm-value-1335" value="1335" aria-label="!Čokoládová vajíčka (1)">
                            <label for="frm-productFilter-categoryConstraintForm-value-1335">Čokoládová vajíčka (1)</label>
                        </div>


                                                         <div class="form-row" style="display: none;">
                            <input type="checkbox" name="value[]" onchange=" $('.filter-ajax-waiting').addClass('show');$(this).closest('form').submit();" id="frm-productFilter-categoryConstraintForm-value-1906" value="1906" aria-label="!Čokoládové (3)">
                            <label for="frm-productFilter-categoryConstraintForm-value-1906">Čokoládové (3)</label>
                        </div>


                                                         <div class="form-row" style="display: none;">
                            <input type="checkbox" name="value[]" onchange=" $('.filter-ajax-waiting').addClass('show');$(this).closest('form').submit();" id="frm-productFilter-categoryConstraintForm-value-1349" value="1349" aria-label="!Čokoládové pochoutky (2)">
                            <label for="frm-productFilter-categoryConstraintForm-value-1349">Čokoládové pochoutky (2)</label>
                        </div>


                                                         <div class="form-row" style="display: none;">
                            <input type="checkbox" name="value[]" onchange=" $('.filter-ajax-waiting').addClass('show');$(this).closest('form').submit();" id="frm-productFilter-categoryConstraintForm-value-1330" value="1330" aria-label="!Čokoládové tyčinky (5)">
                            <label for="frm-productFilter-categoryConstraintForm-value-1330">Čokoládové tyčinky (5)</label>
                        </div>


                                                         <div class="form-row" style="display: none;">
                            <input type="checkbox" name="value[]" onchange=" $('.filter-ajax-waiting').addClass('show');$(this).closest('form').submit();" id="frm-productFilter-categoryConstraintForm-value-1350" value="1350" aria-label="!Čokolády (5)">
                            <label for="frm-productFilter-categoryConstraintForm-value-1350">Čokolády (5)</label>
                        </div>


                                                         <div class="form-row" style="display: none;">
                            <input type="checkbox" name="value[]" onchange=" $('.filter-ajax-waiting').addClass('show');$(this).closest('form').submit();" id="frm-productFilter-categoryConstraintForm-value-1351" value="1351" aria-label="!Čokolády na vaření (2)">
                            <label for="frm-productFilter-categoryConstraintForm-value-1351">Čokolády na vaření (2)</label>
                        </div>


                                                         <div class="form-row" style="display: none;">
                            <input type="checkbox" name="value[]" onchange=" $('.filter-ajax-waiting').addClass('show');$(this).closest('form').submit();" id="frm-productFilter-categoryConstraintForm-value-1352" value="1352" aria-label="!Čokolády plněné (1)">
                            <label for="frm-productFilter-categoryConstraintForm-value-1352">Čokolády plněné (1)</label>
                        </div>


                                                         <div class="form-row" style="display: none;">
                            <input type="checkbox" name="value[]" onchange=" $('.filter-ajax-waiting').addClass('show');$(this).closest('form').submit();" id="frm-productFilter-categoryConstraintForm-value-1353" value="1353" aria-label="!Čokolády s příchutí (9)">
                            <label for="frm-productFilter-categoryConstraintForm-value-1353">Čokolády s příchutí (9)</label>
                        </div>


                                                         <div class="form-row" style="display: none;">
                            <input type="checkbox" name="value[]" onchange=" $('.filter-ajax-waiting').addClass('show');$(this).closest('form').submit();" id="frm-productFilter-categoryConstraintForm-value-1291" value="1291" aria-label="!Čočka (1)">
                            <label for="frm-productFilter-categoryConstraintForm-value-1291">Čočka (1)</label>
                        </div>


                                                         <div class="form-row" style="display: none;">
                            <input type="checkbox" name="value[]" onchange=" $('.filter-ajax-waiting').addClass('show');$(this).closest('form').submit();" id="frm-productFilter-categoryConstraintForm-value-984" value="984" aria-label="!Řezané bylinky (1)">
                            <label for="frm-productFilter-categoryConstraintForm-value-984">Řezané bylinky (1)</label>
                        </div>


                                                         <div class="form-row" style="display: none;">
                            <input type="checkbox" name="value[]" onchange=" $('.filter-ajax-waiting').addClass('show');$(this).closest('form').submit();" id="frm-productFilter-categoryConstraintForm-value-1119" value="1119" aria-label="!Řůžová (16)">
                            <label for="frm-productFilter-categoryConstraintForm-value-1119">Řůžová (16)</label>
                        </div>


                                                         <div class="form-row" style="display: none;">
                            <input type="checkbox" name="value[]" onchange=" $('.filter-ajax-waiting').addClass('show');$(this).closest('form').submit();" id="frm-productFilter-categoryConstraintForm-value-1517" value="1517" aria-label="!Šampony (31)">
                            <label for="frm-productFilter-categoryConstraintForm-value-1517">Šampony (31)</label>
                        </div>


                                                         <div class="form-row" style="display: none;">
                            <input type="checkbox" name="value[]" onchange=" $('.filter-ajax-waiting').addClass('show');$(this).closest('form').submit();" id="frm-productFilter-categoryConstraintForm-value-1122" value="1122" aria-label="!Šumivá a šampaňské (9)">
                            <label for="frm-productFilter-categoryConstraintForm-value-1122">Šumivá a šampaňské (9)</label>
                        </div>


                                                         <div class="form-row" style="display: none;">
                            <input type="checkbox" name="value[]" onchange=" $('.filter-ajax-waiting').addClass('show');$(this).closest('form').submit();" id="frm-productFilter-categoryConstraintForm-value-1052" value="1052" aria-label="!Šunky (7)">
                            <label for="frm-productFilter-categoryConstraintForm-value-1052">Šunky (7)</label>
                        </div>


                                                         <div class="form-row" style="display: none;">
                            <input type="checkbox" name="value[]" onchange=" $('.filter-ajax-waiting').addClass('show');$(this).closest('form').submit();" id="frm-productFilter-categoryConstraintForm-value-1615" value="1615" aria-label="!Šťávy (2)">
                            <label for="frm-productFilter-categoryConstraintForm-value-1615">Šťávy (2)</label>
                        </div>


                                                         <div class="form-row" style="display: none;">
                            <input type="checkbox" name="value[]" onchange=" $('.filter-ajax-waiting').addClass('show');$(this).closest('form').submit();" id="frm-productFilter-categoryConstraintForm-value-1280" value="1280" aria-label="!Želírování (13)">
                            <label for="frm-productFilter-categoryConstraintForm-value-1280">Želírování (13)</label>
                        </div>


                                                         <div class="form-row" style="display: none;">
                            <input type="checkbox" name="value[]" onchange=" $('.filter-ajax-waiting').addClass('show');$(this).closest('form').submit();" id="frm-productFilter-categoryConstraintForm-value-1489" value="1489" aria-label="!Žiletky a holítka (18)">
                            <label for="frm-productFilter-categoryConstraintForm-value-1489">Žiletky a holítka (18)</label>
                        </div>


                                                         <div class="form-row" style="display: none;">
                            <input type="checkbox" name="value[]" onchange=" $('.filter-ajax-waiting').addClass('show');$(this).closest('form').submit();" id="frm-productFilter-categoryConstraintForm-value-1493" value="1493" aria-label="!Žiletky a holítka (45)">
                            <label for="frm-productFilter-categoryConstraintForm-value-1493">Žiletky a holítka (45)</label>
                        </div>


                                                         <div class="form-row" style="display: none;">
                            <input type="checkbox" name="value[]" onchange=" $('.filter-ajax-waiting').addClass('show');$(this).closest('form').submit();" id="frm-productFilter-categoryConstraintForm-value-1329" value="1329" aria-label="!Žvýkačky a bonbony (10)">
                            <label for="frm-productFilter-categoryConstraintForm-value-1329">Žvýkačky a bonbony (10)</label>
                        </div>

																<a class="show-more-brands link-red">více kategorií</a>
																<a class="show-less-brands link-red" style="display: none;">méně kategorií</a>
                            <br><br>
                            <a class="link-red align-right" href="/produkty-v-akci?do=productFilter-reset">zrušit filtr</a>
                </div>
                                <input type="hidden" name="do" value="productFilter-categoryConstraintForm-submit">
        <!--[if IE]><input type=IEbug disabled style="display:none"><![endif]-->
</form>

</div>
                                                                    </div>
<script type="text/javascript" id="snippet-productFilter-scriptArea">
	$('.filter-more-result-column').hide();

//    $(document).ready(function () {
        $(document).ajaxComplete(function() {

            $('.filter-ajax-waiting').removeClass('show');


            var brandClass = 'show';
            var formRowClass = 'form-row';
            var filterCategoriesClass = 'filter-categories';
            var buttonsShowMoreClass = 'show-more-brands';
            var buttonsShowLessClass = 'show-less-brands';
            var filters = $('.filter-more-result');
            var defaultFilterInputs = {"brand":[87,55,1460,79,53,358,2519,670,172,25],"category":[616,1114,1525,1109,1609,1117,1115,1118,1384,1113]};

            function hideCheckboxes(rows, key) {

                if (rows.legnth <= 10) {
                    return;
                }

            rows.each(function (i, e) {
                var val = +$(e).find("input").val();
                var arr = defaultFilterInputs[key];

                if ($.inArray(val, arr) === -1) {
                    $(e).hide();
                }
            });
        }

            $('.' + buttonsShowMoreClass).on('click', function (e) {
                e.stopPropagation();

                var filterCategories = $(this).closest('.' + filterCategoriesClass);

                for (var key in defaultFilterInputs) {
                    if (defaultFilterInputs.hasOwnProperty(key)) {
                        if (filterCategories.attr("id") === "filter-" + key) {
                            continue;
                        }
                        var rows = $('#filter-' + key + ' .' + formRowClass);
                        hideCheckboxes(rows, key);
                        $('#filter-' + key + ' .' + buttonsShowMoreClass).show();
                    }
                }

                filterCategories
                        .find('.' + formRowClass)
                        .show();

                $('.' + buttonsShowLessClass).hide();

                filterCategories
                        .find('.' + buttonsShowLessClass)
                        .show();

                $(this).hide();
            });


            $('.' + buttonsShowLessClass).on('click', function (e) {
                e.stopPropagation();

                var filterCategories = $(this).closest('.' + filterCategoriesClass);
                var key = filterCategories.attr("id").split("-")[1];
                var rows = filterCategories.find('.' + formRowClass);

                hideCheckboxes(rows, key);

                filterCategories
                        .find('.' + buttonsShowMoreClass)
                        .show();

                $(this).hide();
            });

            filters.on('click', function(e){
                e.stopPropagation();
            });

            $('html, body').on('click', function(){
                filters.removeClass(brandClass);
            });

            $('.filter-more-result .kosik-modal-close').on('click', function () {
                filters.removeClass(brandClass);
            });

            $('.filter-constraint').each(function () {
                enableAutoSubmit('#' + $(this).attr('id'));
            });

            function enableAutoSubmit(selector) {

                if ($(selector).hasClass('filter-range')) {
                    $(document).on('mouseup', selector, function () {
                        $('.filter-ajax-waiting').addClass('show');
                        $(this).closest('form').submit();
                    });
                }

//                $(document).ajaxComplete(function(){
//                    $('.filter-ajax-waiting').removeClass('show');
//                })
            }
        });
//    });
</script>
            </div>
        </div>

        <div class="region-products-popular">

            <div class="region region-title-select no-aside clearfix">
                <div class="region-inner region-title-select-inner">
                    <div class="block block-title">
                        <h1>Akční nabídka</h1>
                    </div>
                    <div class="block block-product-list-option">
<ul class="product-list-option element-bordered-select-box">
    <li tabindex="0">
        <span>Oblíbené<span class="accessible"> - vybráno</span></span>
        <div class="positioner">
            <ul>
                <li>
                    <a title="Akční" href="/produkty-v-akci?listOptions-preset=orderDiscount">
                        Akční
                    </a>
                </li>
                <li>
                    <a title="Nejlevnější" href="/produkty-v-akci?listOptions-preset=orderPriceAscending">
                        Nejlevnější
                    </a>
                </li>
                <li>
                    <a title="Nejdražší" href="/produkty-v-akci?listOptions-preset=orderPriceDescending">
                        Nejdražší
                    </a>
                </li>
            </ul>
        </div>
    </li>
</ul>
                    </div>
                </div>
            </div>


            <div class="region region-products" data-ajax-append="product-item" role="main" id="snippet--productListArea">
                <div class="region-inner region-products-inner">
<script async>
    basic.documentReady(function () {
        $.get("\/produkty-v-akci?do=list-ajaxLoaderSetting").done(function (setting) {
            setting.ShowButton = false;
            ajaxLoader.init(setting);
        });
    });

    var onProductModalDestroy = function() {

    	var pageData = window.dataLayer[0];

        pageData["event"] = "ga.pageview";
        pageData["pagePath"] = window.location.pathname;
        pageData["pageTitle"] = window.document.title;

	    dataLayer.push(pageData);
    };
</script>
<div class="block block-product-items product-items" data-ajax-append="product-item" id="snippet-list-productListArea">
    <div id="product-append-414" class="product-item">
        <div class="product-item-flags">
            <div class="flag-sale ">
                <span class="percents">36<small>&#37;</small></span>
            </div>
        </div>
        <div class="product-item-image">
                <a data-href="/produkty-v-akci?list-id=414&amp;do=list-modal"
                   data-target="list-productModal"
                   data-product-id="414"
                   data-product-price="2.78"
                   data-page-title="Mrkev (cca 200g)"
                   data-page-path="/produkt/414-mrkev-cca-200g"
                   data-user-id=""
                   aria-hidden="true"
                   data-kosikmodal-onclose="onProductModalDestroy"
                   onclick="kosikAjax.click(this, initModalCarousel(this))">
                    <img src="https://cdn.kosik.cz/content/product/jpg/list/placeholder.jpg" data-src="https://cdn.kosik.cz/content/product/jpg/list/437.jpg" alt="Mrkev (cca 200g)" class="loading-images loading-image">
                </a>




        </div>
                <div class="product-item-info">
                <h5><a href="javascript:void(0)" aria-label="Mrkev (cca 200g)" data-href="/produkty-v-akci?list-id=414&amp;do=list-modal" class="product-name modal-link"
                   data-target="list-productModal" onclick="kosikAjax.click(this, initModalCarousel(this))">
                    Mrkev (cca 200g)
                    
                </a></h5>
            <p class="product-item-price product-in-discount">
                <span class="price-before-discount">
					<span><strong class="price">2,80 Kč</strong></span>
				</span>
                <small class="circa-prefix">cca </small>
                <strong class="price">1,80 Kč</strong>

            </p>
            <p class="product-item-unit">
                    (<strong class="price">8,90 Kč</strong> / kg)
            </p>
                        <div class="product-list-rating">
                <span><ul class="rating"><li class="rating-children rating-1 up" data-rating="1"><i class="fa fa-star"></i></li><li class="rating-children rating-2 up" data-rating="2"><i class="fa fa-star"></i></li><li class="rating-children rating-3 up" data-rating="3"><i class="fa fa-star"></i></li><li class="rating-children rating-4 up" data-rating="4"><i class="fa fa-star"></i></li><li class="rating-children rating-5 down" data-rating="5"><i class="fa fa-star"></i></li></ul></span>
            </div>
<div id="snippet-list-buy-414-quantity">        <div class="product-quantity-control">
            <form action="/produkty-v-akci" method="post" class="ajax" id="frm-list-buy-414-quantityForm">
                <input type="text" name="quantity" size="3" id="frm-list-buy-414-quantityForm-quantity" data-nette-rules='[{"op":":integer","msg":"Množství musí být číslo."}]' value="1" aria-label="počet k přidání">
                <input type="submit" name="_submit" value="Přidat" class="product-quantity-control-submit plus" aria-label="přidat počet do košíku">
            <input type="hidden" name="do" value="list-buy-414-quantityForm-submit"><!--[if IE]><input type=IEbug disabled style="display:none"><![endif]-->
</form>

        </div>
</div>
                <p class="product-incart-info accessible">Produkt nemáte v košíku</p>


        </div>

        
    </div>
    <div id="product-append-7976" class="product-item">
        <div class="product-item-flags">
            <div class="flag-sale ">
                <span class="percents">23<small>&#37;</small></span>
            </div>
        </div>
        <div class="product-item-image">
                <a data-href="/produkty-v-akci?list-id=7976&amp;do=list-modal"
                   data-target="list-productModal"
                   data-product-id="7976"
                   data-product-price="25.9"
                   data-page-title="Pilsner Urquell, světlý ležák, sklo 0,5l"
                   data-page-path="/produkt/7976-pilsner-urquell-svetly-lezak-sklo-0-5l"
                   data-user-id=""
                   aria-hidden="true"
                   data-kosikmodal-onclose="onProductModalDestroy"
                   onclick="kosikAjax.click(this, initModalCarousel(this))">
                    <img src="https://cdn.kosik.cz/content/product/jpg/list/placeholder.jpg" data-src="https://cdn.kosik.cz/content/product/jpg/list/13509.jpg" alt="Pilsner Urquell, světlý ležák, sklo 0,5l" class="loading-images loading-image">
                </a>




        </div>
                <div class="product-item-info">
                <h5><a href="javascript:void(0)" aria-label="Pilsner Urquell, světlý ležák, sklo 0,5l" data-href="/produkty-v-akci?list-id=7976&amp;do=list-modal" class="product-name modal-link"
                   data-target="list-productModal" onclick="kosikAjax.click(this, initModalCarousel(this))">
                    Pilsner Urquell, světlý ležák, sklo 0,5l
                    
                </a></h5>
            <p class="product-item-price product-in-discount">
                <span class="price-before-discount">
					<span><strong class="price">25,90 Kč</strong></span>
				</span>
                <strong class="price">19,90 Kč</strong>

            </p>
            <p class="product-item-unit">
                    (<strong class="price">39,80 Kč</strong> / l)
            </p>
                        <div class="product-list-rating">
                <span><ul class="rating"><li class="rating-children rating-1 up" data-rating="1"><i class="fa fa-star"></i></li><li class="rating-children rating-2 up" data-rating="2"><i class="fa fa-star"></i></li><li class="rating-children rating-3 up" data-rating="3"><i class="fa fa-star"></i></li><li class="rating-children rating-4 up" data-rating="4"><i class="fa fa-star"></i></li><li class="rating-children rating-5 down" data-rating="5"><i class="fa fa-star"></i></li></ul></span>
            </div>
<div id="snippet-list-buy-7976-quantity">        <div class="product-quantity-control">
            <form action="/produkty-v-akci" method="post" class="ajax" id="frm-list-buy-7976-quantityForm">
                <input type="text" name="quantity" size="3" id="frm-list-buy-7976-quantityForm-quantity" data-nette-rules='[{"op":":integer","msg":"Množství musí být číslo."}]' value="1" aria-label="počet k přidání">
                <input type="submit" name="_submit" value="Přidat" class="product-quantity-control-submit plus" aria-label="přidat počet do košíku">
            <input type="hidden" name="do" value="list-buy-7976-quantityForm-submit"><!--[if IE]><input type=IEbug disabled style="display:none"><![endif]-->
</form>

        </div>
</div>
                <p class="product-incart-info accessible">Produkt nemáte v košíku</p>


        </div>

        
    </div>
    <div id="product-append-13090" class="product-item">
        <div class="product-item-flags">
            <div class="flag-sale ">
                <span class="percents">29<small>&#37;</small></span>
            </div>
        </div>
        <div class="product-item-image">
                <a data-href="/produkty-v-akci?list-id=13090&amp;do=list-modal"
                   data-target="list-productModal"
                   data-product-id="13090"
                   data-product-price="8.475"
                   data-page-title="Pomeranč (cca 250g)"
                   data-page-path="/produkt/13090-pomeranc-cca-250g"
                   data-user-id=""
                   aria-hidden="true"
                   data-kosikmodal-onclose="onProductModalDestroy"
                   onclick="kosikAjax.click(this, initModalCarousel(this))">
                    <img src="https://cdn.kosik.cz/content/product/jpg/list/placeholder.jpg" data-src="https://cdn.kosik.cz/content/product/jpg/list/30489.jpg" alt="Pomeranč (cca 250g)" class="loading-images loading-image">
                </a>




        </div>
                <div class="product-item-info">
                <h5><a href="javascript:void(0)" aria-label="Pomeranč (cca 250g)" data-href="/produkty-v-akci?list-id=13090&amp;do=list-modal" class="product-name modal-link"
                   data-target="list-productModal" onclick="kosikAjax.click(this, initModalCarousel(this))">
                    Pomeranč (cca 250g)
                    
                </a></h5>
            <p class="product-item-price product-in-discount">
                <span class="price-before-discount">
					<span><strong class="price">8,50 Kč</strong></span>
				</span>
                <small class="circa-prefix">cca </small>
                <strong class="price">6,00 Kč</strong>

            </p>
            <p class="product-item-unit">
                    (<strong class="price">23,90 Kč</strong> / kg)
            </p>
                        <div class="product-list-rating">
                <span><ul class="rating"><li class="rating-children rating-1 up" data-rating="1"><i class="fa fa-star"></i></li><li class="rating-children rating-2 up" data-rating="2"><i class="fa fa-star"></i></li><li class="rating-children rating-3 up" data-rating="3"><i class="fa fa-star"></i></li><li class="rating-children rating-4 up" data-rating="4"><i class="fa fa-star"></i></li><li class="rating-children rating-5 down" data-rating="5"><i class="fa fa-star"></i></li></ul></span>
            </div>
<div id="snippet-list-buy-13090-quantity">        <div class="product-quantity-control">
            <form action="/produkty-v-akci" method="post" class="ajax" id="frm-list-buy-13090-quantityForm">
                <input type="text" name="quantity" size="3" id="frm-list-buy-13090-quantityForm-quantity" data-nette-rules='[{"op":":integer","msg":"Množství musí být číslo."}]' value="1" aria-label="počet k přidání">
                <input type="submit" name="_submit" value="Přidat" class="product-quantity-control-submit plus" aria-label="přidat počet do košíku">
            <input type="hidden" name="do" value="list-buy-13090-quantityForm-submit"><!--[if IE]><input type=IEbug disabled style="display:none"><![endif]-->
</form>

        </div>
</div>
                <p class="product-incart-info accessible">Produkt nemáte v košíku</p>


        </div>

        
    </div>
    <div id="product-append-12864" class="product-item">
        <div class="product-item-flags">
            <div class="flag-sale ">
                <span class="percents">22<small>&#37;</small></span>
            </div>
        </div>
        <div class="product-item-image">
                <a data-href="/produkty-v-akci?list-id=12864&amp;do=list-modal"
                   data-target="list-productModal"
                   data-product-id="12864"
                   data-product-price="4.5"
                   data-page-title="Kaiserka cereální 55g"
                   data-page-path="/produkt/12864-kaiserka-cerealni-55g"
                   data-user-id=""
                   aria-hidden="true"
                   data-kosikmodal-onclose="onProductModalDestroy"
                   onclick="kosikAjax.click(this, initModalCarousel(this))">
                    <img src="https://cdn.kosik.cz/content/product/jpg/list/placeholder.jpg" data-src="https://cdn.kosik.cz/content/product/jpg/list/30230.jpg" alt="Kaiserka cereální 55g" class="loading-images loading-image">
                </a>




        </div>
                <div class="product-item-info">
                <h5><a href="javascript:void(0)" aria-label="Kaiserka cereální 55g" data-href="/produkty-v-akci?list-id=12864&amp;do=list-modal" class="product-name modal-link"
                   data-target="list-productModal" onclick="kosikAjax.click(this, initModalCarousel(this))">
                    Kaiserka cereální 55g
                    
                </a></h5>
            <p class="product-item-price product-in-discount">
                <span class="price-before-discount">
					<span><strong class="price">4,50 Kč</strong></span>
				</span>
                <strong class="price">3,50 Kč</strong>

            </p>
            <p class="product-item-unit">
                    (<strong class="price">63,60 Kč</strong> / kg)
            </p>
                        <div class="product-list-rating">
                <span><ul class="rating"><li class="rating-children rating-1 up" data-rating="1"><i class="fa fa-star"></i></li><li class="rating-children rating-2 up" data-rating="2"><i class="fa fa-star"></i></li><li class="rating-children rating-3 up" data-rating="3"><i class="fa fa-star"></i></li><li class="rating-children rating-4 up" data-rating="4"><i class="fa fa-star"></i></li><li class="rating-children rating-5 up" data-rating="5"><i class="fa fa-star"></i></li></ul></span>
            </div>
<div id="snippet-list-buy-12864-quantity">        <div class="product-quantity-control">
            <form action="/produkty-v-akci" method="post" class="ajax" id="frm-list-buy-12864-quantityForm">
                <input type="text" name="quantity" size="3" id="frm-list-buy-12864-quantityForm-quantity" data-nette-rules='[{"op":":integer","msg":"Množství musí být číslo."}]' value="1" aria-label="počet k přidání">
                <input type="submit" name="_submit" value="Přidat" class="product-quantity-control-submit plus" aria-label="přidat počet do košíku">
            <input type="hidden" name="do" value="list-buy-12864-quantityForm-submit"><!--[if IE]><input type=IEbug disabled style="display:none"><![endif]-->
</form>

        </div>
</div>
                <p class="product-incart-info accessible">Produkt nemáte v košíku</p>


        </div>

        
    </div>
    <div id="product-append-11606" class="product-item">
        <div class="product-item-flags">
            <div class="flag-sale ">
                <span class="percents">46<small>&#37;</small></span>
            </div>
        </div>
        <div class="product-item-image">
                <a data-href="/produkty-v-akci?list-id=11606&amp;do=list-modal"
                   data-target="list-productModal"
                   data-product-id="11606"
                   data-product-price="32.9"
                   data-page-title="Le &amp; Co Shaved Šunka zvonařka nejvyšší jakosti 100g"
                   data-page-path="/produkt/11606-le-co-shaved-sunka-zvonarka-nejvyssi-jakosti-100g"
                   data-user-id=""
                   aria-hidden="true"
                   data-kosikmodal-onclose="onProductModalDestroy"
                   onclick="kosikAjax.click(this, initModalCarousel(this))">
                    <img src="https://cdn.kosik.cz/content/product/jpg/list/placeholder.jpg" data-src="https://cdn.kosik.cz/content/product/jpg/list/29083.jpg" alt="Le &amp; Co Shaved Šunka zvonařka nejvyšší jakosti 100g" class="loading-images loading-image">
                </a>




        </div>
                <div class="product-item-info">
                <h5><a href="javascript:void(0)" aria-label="Le &amp; Co Shaved Šunka zvonařka nejvyšší jakosti 100g" data-href="/produkty-v-akci?list-id=11606&amp;do=list-modal" class="product-name modal-link"
                   data-target="list-productModal" onclick="kosikAjax.click(this, initModalCarousel(this))">
                    Le &amp; Co Shaved Šunka zvonařka nejvyšší jakosti 100g
                    
                </a></h5>
            <p class="product-item-price product-in-discount">
                <span class="price-before-discount">
					<span><strong class="price">32,90 Kč</strong></span>
				</span>
                <strong class="price">17,90 Kč</strong>

            </p>
            <p class="product-item-unit">
                    (<strong class="price">179,00 Kč</strong> / kg)
            </p>
                        <div class="product-list-rating">
                <span><ul class="rating"><li class="rating-children rating-1 up" data-rating="1"><i class="fa fa-star"></i></li><li class="rating-children rating-2 up" data-rating="2"><i class="fa fa-star"></i></li><li class="rating-children rating-3 up" data-rating="3"><i class="fa fa-star"></i></li><li class="rating-children rating-4 up" data-rating="4"><i class="fa fa-star"></i></li><li class="rating-children rating-5 up" data-rating="5"><i class="fa fa-star"></i></li></ul></span>
            </div>
<div id="snippet-list-buy-11606-quantity">        <div class="product-quantity-control">
            <form action="/produkty-v-akci" method="post" class="ajax" id="frm-list-buy-11606-quantityForm">
                <input type="text" name="quantity" size="3" id="frm-list-buy-11606-quantityForm-quantity" data-nette-rules='[{"op":":integer","msg":"Množství musí být číslo."}]' value="1" aria-label="počet k přidání">
                <input type="submit" name="_submit" value="Přidat" class="product-quantity-control-submit plus" aria-label="přidat počet do košíku">
            <input type="hidden" name="do" value="list-buy-11606-quantityForm-submit"><!--[if IE]><input type=IEbug disabled style="display:none"><![endif]-->
</form>

        </div>
</div>
                <p class="product-incart-info accessible">Produkt nemáte v košíku</p>


        </div>

        
    </div>
    <div id="product-append-2697" class="product-item">
        <div class="product-item-flags">
            <div class="flag-sale ">
                <span class="percents">19<small>&#37;</small></span>
            </div>
        </div>
        <div class="product-item-image">
                <a data-href="/produkty-v-akci?list-id=2697&amp;do=list-modal"
                   data-target="list-productModal"
                   data-product-id="2697"
                   data-product-price="15.9"
                   data-page-title="Magnesia Přírodní jemně perlivá 1,5l"
                   data-page-path="/produkt/2697-magnesia-prirodni-jemne-perliva-1-5l"
                   data-user-id=""
                   aria-hidden="true"
                   data-kosikmodal-onclose="onProductModalDestroy"
                   onclick="kosikAjax.click(this, initModalCarousel(this))">
                    <img src="https://cdn.kosik.cz/content/product/jpg/list/placeholder.jpg" data-src="https://cdn.kosik.cz/content/product/jpg/list/2798.jpg" alt="Magnesia Přírodní jemně perlivá 1,5l" class="loading-images loading-image">
                </a>




        </div>
                <div class="product-item-info">
                <h5><a href="javascript:void(0)" aria-label="Magnesia Přírodní jemně perlivá 1,5l" data-href="/produkty-v-akci?list-id=2697&amp;do=list-modal" class="product-name modal-link"
                   data-target="list-productModal" onclick="kosikAjax.click(this, initModalCarousel(this))">
                    Magnesia Přírodní jemně perlivá 1,5l
                    
                </a></h5>
            <p class="product-item-price product-in-discount">
                <span class="price-before-discount">
					<span><strong class="price">15,90 Kč</strong></span>
				</span>
                <strong class="price">12,90 Kč</strong>

            </p>
            <p class="product-item-unit">
                    (<strong class="price">8,60 Kč</strong> / l)
            </p>
                        <div class="product-list-rating">
            </div>
<div id="snippet-list-buy-2697-quantity">        <div class="product-quantity-control">
            <form action="/produkty-v-akci" method="post" class="ajax" id="frm-list-buy-2697-quantityForm">
                <input type="text" name="quantity" size="3" id="frm-list-buy-2697-quantityForm-quantity" data-nette-rules='[{"op":":integer","msg":"Množství musí být číslo."}]' value="1" aria-label="počet k přidání">
                <input type="submit" name="_submit" value="Přidat" class="product-quantity-control-submit plus" aria-label="přidat počet do košíku">
            <input type="hidden" name="do" value="list-buy-2697-quantityForm-submit"><!--[if IE]><input type=IEbug disabled style="display:none"><![endif]-->
</form>

        </div>
</div>
                <p class="product-incart-info accessible">Produkt nemáte v košíku</p>


        </div>

        
    </div>
    <div id="product-append-12858" class="product-item">
        <div class="product-item-flags">
            <div class="flag-sale ">
                <span class="percents">10<small>&#37;</small></span>
            </div>
        </div>
        <div class="product-item-image">
                <a data-href="/produkty-v-akci?list-id=12858&amp;do=list-modal"
                   data-target="list-productModal"
                   data-product-id="12858"
                   data-product-price="3.9"
                   data-page-title="Kaiserka natural 55g"
                   data-page-path="/produkt/12858-kaiserka-natural-55g"
                   data-user-id=""
                   aria-hidden="true"
                   data-kosikmodal-onclose="onProductModalDestroy"
                   onclick="kosikAjax.click(this, initModalCarousel(this))">
                    <img src="https://cdn.kosik.cz/content/product/jpg/list/placeholder.jpg" data-src="https://cdn.kosik.cz/content/product/jpg/list/30226.jpg" alt="Kaiserka natural 55g" class="loading-images loading-image">
                </a>




        </div>
                <div class="product-item-info">
                <h5><a href="javascript:void(0)" aria-label="Kaiserka natural 55g" data-href="/produkty-v-akci?list-id=12858&amp;do=list-modal" class="product-name modal-link"
                   data-target="list-productModal" onclick="kosikAjax.click(this, initModalCarousel(this))">
                    Kaiserka natural 55g
                    
                </a></h5>
            <p class="product-item-price product-in-discount">
                <span class="price-before-discount">
					<span><strong class="price">3,90 Kč</strong></span>
				</span>
                <strong class="price">3,50 Kč</strong>

            </p>
            <p class="product-item-unit">
                    (<strong class="price">63,60 Kč</strong> / kg)
            </p>
                        <div class="product-list-rating">
            </div>
<div id="snippet-list-buy-12858-quantity">        <div class="product-quantity-control">
            <form action="/produkty-v-akci" method="post" class="ajax" id="frm-list-buy-12858-quantityForm">
                <input type="text" name="quantity" size="3" id="frm-list-buy-12858-quantityForm-quantity" data-nette-rules='[{"op":":integer","msg":"Množství musí být číslo."}]' value="1" aria-label="počet k přidání">
                <input type="submit" name="_submit" value="Přidat" class="product-quantity-control-submit plus" aria-label="přidat počet do košíku">
            <input type="hidden" name="do" value="list-buy-12858-quantityForm-submit"><!--[if IE]><input type=IEbug disabled style="display:none"><![endif]-->
</form>

        </div>
</div>
                <p class="product-incart-info accessible">Produkt nemáte v košíku</p>


        </div>

        
    </div>
    <div id="product-append-14138" class="product-item">
        <div class="product-item-flags">
            <div class="flag-sale ">
                <span class="percents">19<small>&#37;</small></span>
            </div>
        </div>
        <div class="product-item-image">
                <a data-href="/produkty-v-akci?list-id=14138&amp;do=list-modal"
                   data-target="list-productModal"
                   data-product-id="14138"
                   data-product-price="7.018"
                   data-page-title="Jablko Red Prince (cca 220g)"
                   data-page-path="/produkt/14138-jablko-red-prince-cca-220g"
                   data-user-id=""
                   aria-hidden="true"
                   data-kosikmodal-onclose="onProductModalDestroy"
                   onclick="kosikAjax.click(this, initModalCarousel(this))">
                    <img src="https://cdn.kosik.cz/content/product/jpg/list/placeholder.jpg" data-src="https://cdn.kosik.cz/content/product/jpg/list/31391.jpg" alt="Jablko Red Prince (cca 220g)" class="loading-images loading-image">
                </a>




        </div>
                <div class="product-item-info">
                <h5><a href="javascript:void(0)" aria-label="Jablko Red Prince (cca 220g)" data-href="/produkty-v-akci?list-id=14138&amp;do=list-modal" class="product-name modal-link"
                   data-target="list-productModal" onclick="kosikAjax.click(this, initModalCarousel(this))">
                    Jablko Red Prince (cca 220g)
                    
                </a></h5>
            <p class="product-item-price product-in-discount">
                <span class="price-before-discount">
					<span><strong class="price">7,00 Kč</strong></span>
				</span>
                <small class="circa-prefix">cca </small>
                <strong class="price">5,70 Kč</strong>

            </p>
            <p class="product-item-unit">
                    (<strong class="price">25,90 Kč</strong> / kg)
            </p>
                        <div class="product-list-rating">
                <span><ul class="rating"><li class="rating-children rating-1 up" data-rating="1"><i class="fa fa-star"></i></li><li class="rating-children rating-2 up" data-rating="2"><i class="fa fa-star"></i></li><li class="rating-children rating-3 up" data-rating="3"><i class="fa fa-star"></i></li><li class="rating-children rating-4 up" data-rating="4"><i class="fa fa-star"></i></li><li class="rating-children rating-5 up" data-rating="5"><i class="fa fa-star"></i></li></ul></span>
            </div>
<div id="snippet-list-buy-14138-quantity">        <div class="product-quantity-control">
            <form action="/produkty-v-akci" method="post" class="ajax" id="frm-list-buy-14138-quantityForm">
                <input type="text" name="quantity" size="3" id="frm-list-buy-14138-quantityForm-quantity" data-nette-rules='[{"op":":integer","msg":"Množství musí být číslo."}]' value="1" aria-label="počet k přidání">
                <input type="submit" name="_submit" value="Přidat" class="product-quantity-control-submit plus" aria-label="přidat počet do košíku">
            <input type="hidden" name="do" value="list-buy-14138-quantityForm-submit"><!--[if IE]><input type=IEbug disabled style="display:none"><![endif]-->
</form>

        </div>
</div>
                <p class="product-incart-info accessible">Produkt nemáte v košíku</p>


        </div>

        
    </div>
    <div id="product-append-49940" class="product-item">
        <div class="product-item-flags">
            <div class="flag-sale ">
                <span class="percents">21<small>&#37;</small></span>
            </div>
        </div>
        <div class="product-item-image">
                <a data-href="/produkty-v-akci?list-id=49940&amp;do=list-modal"
                   data-target="list-productModal"
                   data-product-id="49940"
                   data-product-price="56.9"
                   data-page-title="Laktos máslo 250g"
                   data-page-path="/produkt/49940-laktos-maslo-250g"
                   data-user-id=""
                   aria-hidden="true"
                   data-kosikmodal-onclose="onProductModalDestroy"
                   onclick="kosikAjax.click(this, initModalCarousel(this))">
                    <img src="https://cdn.kosik.cz/content/product/jpg/list/placeholder.jpg" data-src="https://cdn.kosik.cz/content/product/jpg/list/67525.jpg" alt="Laktos máslo 250g" class="loading-images loading-image">
                </a>




        </div>
                <div class="product-item-info">
                <h5><a href="javascript:void(0)" aria-label="Laktos máslo 250g" data-href="/produkty-v-akci?list-id=49940&amp;do=list-modal" class="product-name modal-link"
                   data-target="list-productModal" onclick="kosikAjax.click(this, initModalCarousel(this))">
                    Laktos máslo 250g
                    <br><span class="new-product">Novinka</span>
                </a></h5>
            <p class="product-item-price product-in-discount">
                <span class="price-before-discount">
					<span><strong class="price">56,90 Kč</strong></span>
				</span>
                <strong class="price">44,90 Kč</strong>

            </p>
            <p class="product-item-unit">
                    (<strong class="price">179,60 Kč</strong> / kg)
            </p>
                        <div class="product-list-rating">
                <span><ul class="rating"><li class="rating-children rating-1 up" data-rating="1"><i class="fa fa-star"></i></li><li class="rating-children rating-2 up" data-rating="2"><i class="fa fa-star"></i></li><li class="rating-children rating-3 up" data-rating="3"><i class="fa fa-star"></i></li><li class="rating-children rating-4 down" data-rating="4"><i class="fa fa-star"></i></li><li class="rating-children rating-5 down" data-rating="5"><i class="fa fa-star"></i></li></ul></span>
            </div>
<div id="snippet-list-buy-49940-quantity">        <div class="product-quantity-control">
            <form action="/produkty-v-akci" method="post" class="ajax" id="frm-list-buy-49940-quantityForm">
                <input type="text" name="quantity" size="3" id="frm-list-buy-49940-quantityForm-quantity" data-nette-rules='[{"op":":integer","msg":"Množství musí být číslo."}]' value="1" aria-label="počet k přidání">
                <input type="submit" name="_submit" value="Přidat" class="product-quantity-control-submit plus" aria-label="přidat počet do košíku">
            <input type="hidden" name="do" value="list-buy-49940-quantityForm-submit"><!--[if IE]><input type=IEbug disabled style="display:none"><![endif]-->
</form>

        </div>
</div>
                <p class="product-incart-info accessible">Produkt nemáte v košíku</p>


        </div>

        
    </div>
    <div id="product-append-12865" class="product-item">
        <div class="product-item-flags">
            <div class="flag-sale ">
                <span class="percents">22<small>&#37;</small></span>
            </div>
        </div>
        <div class="product-item-image">
                <a data-href="/produkty-v-akci?list-id=12865&amp;do=list-modal"
                   data-target="list-productModal"
                   data-product-id="12865"
                   data-product-price="4.5"
                   data-page-title="Kaiserka Fit Line tmavá 55g"
                   data-page-path="/produkt/12865-kaiserka-fit-line-tmava-55g"
                   data-user-id=""
                   aria-hidden="true"
                   data-kosikmodal-onclose="onProductModalDestroy"
                   onclick="kosikAjax.click(this, initModalCarousel(this))">
                    <img src="https://cdn.kosik.cz/content/product/jpg/list/placeholder.jpg" data-src="https://cdn.kosik.cz/content/product/jpg/list/30231.jpg" alt="Kaiserka Fit Line tmavá 55g" class="loading-images loading-image">
                </a>




        </div>
                <div class="product-item-info">
                <h5><a href="javascript:void(0)" aria-label="Kaiserka Fit Line tmavá 55g" data-href="/produkty-v-akci?list-id=12865&amp;do=list-modal" class="product-name modal-link"
                   data-target="list-productModal" onclick="kosikAjax.click(this, initModalCarousel(this))">
                    Kaiserka Fit Line tmavá 55g
                    
                </a></h5>
            <p class="product-item-price product-in-discount">
                <span class="price-before-discount">
					<span><strong class="price">4,50 Kč</strong></span>
				</span>
                <strong class="price">3,50 Kč</strong>

            </p>
            <p class="product-item-unit">
                    (<strong class="price">63,60 Kč</strong> / kg)
            </p>
                        <div class="product-list-rating">
                <span><ul class="rating"><li class="rating-children rating-1 up" data-rating="1"><i class="fa fa-star"></i></li><li class="rating-children rating-2 up" data-rating="2"><i class="fa fa-star"></i></li><li class="rating-children rating-3 up" data-rating="3"><i class="fa fa-star"></i></li><li class="rating-children rating-4 up" data-rating="4"><i class="fa fa-star"></i></li><li class="rating-children rating-5 up" data-rating="5"><i class="fa fa-star"></i></li></ul></span>
            </div>
<div id="snippet-list-buy-12865-quantity">        <div class="product-quantity-control">
            <form action="/produkty-v-akci" method="post" class="ajax" id="frm-list-buy-12865-quantityForm">
                <input type="text" name="quantity" size="3" id="frm-list-buy-12865-quantityForm-quantity" data-nette-rules='[{"op":":integer","msg":"Množství musí být číslo."}]' value="1" aria-label="počet k přidání">
                <input type="submit" name="_submit" value="Přidat" class="product-quantity-control-submit plus" aria-label="přidat počet do košíku">
            <input type="hidden" name="do" value="list-buy-12865-quantityForm-submit"><!--[if IE]><input type=IEbug disabled style="display:none"><![endif]-->
</form>

        </div>
</div>
                <p class="product-incart-info accessible">Produkt nemáte v košíku</p>


        </div>

        
    </div>
    <div id="product-append-2698" class="product-item">
        <div class="product-item-flags">
            <div class="flag-sale ">
                <span class="percents">19<small>&#37;</small></span>
            </div>
        </div>
        <div class="product-item-image">
                <a data-href="/produkty-v-akci?list-id=2698&amp;do=list-modal"
                   data-target="list-productModal"
                   data-product-id="2698"
                   data-product-price="15.9"
                   data-page-title="Magnesia Přírodní neperlivá 1,5l"
                   data-page-path="/produkt/2698-magnesia-prirodni-neperliva-1-5l"
                   data-user-id=""
                   aria-hidden="true"
                   data-kosikmodal-onclose="onProductModalDestroy"
                   onclick="kosikAjax.click(this, initModalCarousel(this))">
                    <img src="https://cdn.kosik.cz/content/product/jpg/list/placeholder.jpg" data-src="https://cdn.kosik.cz/content/product/jpg/list/2799.jpg" alt="Magnesia Přírodní neperlivá 1,5l" class="loading-images loading-image">
                </a>




        </div>
                <div class="product-item-info">
                <h5><a href="javascript:void(0)" aria-label="Magnesia Přírodní neperlivá 1,5l" data-href="/produkty-v-akci?list-id=2698&amp;do=list-modal" class="product-name modal-link"
                   data-target="list-productModal" onclick="kosikAjax.click(this, initModalCarousel(this))">
                    Magnesia Přírodní neperlivá 1,5l
                    
                </a></h5>
            <p class="product-item-price product-in-discount">
                <span class="price-before-discount">
					<span><strong class="price">15,90 Kč</strong></span>
				</span>
                <strong class="price">12,90 Kč</strong>

            </p>
            <p class="product-item-unit">
                    (<strong class="price">8,60 Kč</strong> / l)
            </p>
                        <div class="product-list-rating">
            </div>
<div id="snippet-list-buy-2698-quantity">        <div class="product-quantity-control">
            <form action="/produkty-v-akci" method="post" class="ajax" id="frm-list-buy-2698-quantityForm">
                <input type="text" name="quantity" size="3" id="frm-list-buy-2698-quantityForm-quantity" data-nette-rules='[{"op":":integer","msg":"Množství musí být číslo."}]' value="1" aria-label="počet k přidání">
                <input type="submit" name="_submit" value="Přidat" class="product-quantity-control-submit plus" aria-label="přidat počet do košíku">
            <input type="hidden" name="do" value="list-buy-2698-quantityForm-submit"><!--[if IE]><input type=IEbug disabled style="display:none"><![endif]-->
</form>

        </div>
</div>
                <p class="product-incart-info accessible">Produkt nemáte v košíku</p>


        </div>

        
    </div>
    <div id="product-append-20075" class="product-item">
        <div class="product-item-flags">
            <div class="flag-sale ">
                <span class="percents">46<small>&#37;</small></span>
            </div>
        </div>
        <div class="product-item-image">
                <a data-href="/produkty-v-akci?list-id=20075&amp;do=list-modal"
                   data-target="list-productModal"
                   data-product-id="20075"
                   data-product-price="34.9"
                   data-page-title="Pepsi Cola 2,25l"
                   data-page-path="/produkt/20075-pepsi-cola-2-25l"
                   data-user-id=""
                   aria-hidden="true"
                   data-kosikmodal-onclose="onProductModalDestroy"
                   onclick="kosikAjax.click(this, initModalCarousel(this))">
                    <img src="https://cdn.kosik.cz/content/product/jpg/list/placeholder.jpg" data-src="https://cdn.kosik.cz/content/product/jpg/list/37327.jpg" alt="Pepsi Cola 2,25l" class="loading-images loading-image">
                </a>




        </div>
                <div class="product-item-info">
                <h5><a href="javascript:void(0)" aria-label="Pepsi Cola 2,25l" data-href="/produkty-v-akci?list-id=20075&amp;do=list-modal" class="product-name modal-link"
                   data-target="list-productModal" onclick="kosikAjax.click(this, initModalCarousel(this))">
                    Pepsi Cola 2,25l
                    
                </a></h5>
            <p class="product-item-price product-in-discount">
                <span class="price-before-discount">
					<span><strong class="price">34,90 Kč</strong></span>
				</span>
                <strong class="price">18,90 Kč</strong>

            </p>
            <p class="product-item-unit">
                    (<strong class="price">8,40 Kč</strong> / l)
            </p>
                        <div class="product-list-rating">
            </div>
<div id="snippet-list-buy-20075-quantity">        <div class="product-quantity-control">
            <form action="/produkty-v-akci" method="post" class="ajax" id="frm-list-buy-20075-quantityForm">
                <input type="text" name="quantity" size="3" id="frm-list-buy-20075-quantityForm-quantity" data-nette-rules='[{"op":":integer","msg":"Množství musí být číslo."}]' value="1" aria-label="počet k přidání">
                <input type="submit" name="_submit" value="Přidat" class="product-quantity-control-submit plus" aria-label="přidat počet do košíku">
            <input type="hidden" name="do" value="list-buy-20075-quantityForm-submit"><!--[if IE]><input type=IEbug disabled style="display:none"><![endif]-->
</form>

        </div>
</div>
                <p class="product-incart-info accessible">Produkt nemáte v košíku</p>


        </div>

        
    </div>
    <div id="product-append-18189" class="product-item">
        <div class="product-item-flags">
            <div class="flag-sale ">
                <span class="percents">29<small>&#37;</small></span>
            </div>
        </div>
        <div class="product-item-image">
                <a data-href="/produkty-v-akci?list-id=18189&amp;do=list-modal"
                   data-target="list-productModal"
                   data-product-id="18189"
                   data-product-price="104.5"
                   data-page-title="Krůtí prsa (cca 500g)"
                   data-page-path="/produkt/18189-kruti-prsa-cca-500g"
                   data-user-id=""
                   aria-hidden="true"
                   data-kosikmodal-onclose="onProductModalDestroy"
                   onclick="kosikAjax.click(this, initModalCarousel(this))">
                    <img src="https://cdn.kosik.cz/content/product/jpg/list/placeholder.jpg" data-src="https://cdn.kosik.cz/content/product/jpg/list/35444.jpg" alt="Krůtí prsa (cca 500g)" class="loading-images loading-image">
                </a>




        </div>
                <div class="product-item-info">
                <h5><a href="javascript:void(0)" aria-label="Krůtí prsa (cca 500g)" data-href="/produkty-v-akci?list-id=18189&amp;do=list-modal" class="product-name modal-link"
                   data-target="list-productModal" onclick="kosikAjax.click(this, initModalCarousel(this))">
                    Krůtí prsa (cca 500g)
                    
                </a></h5>
            <p class="product-item-price product-in-discount">
                <span class="price-before-discount">
					<span><strong class="price">104,50 Kč</strong></span>
				</span>
                <small class="circa-prefix">cca </small>
                <strong class="price">74,50 Kč</strong>

            </p>
            <p class="product-item-unit">
                    (<strong class="price">149,00 Kč</strong> / kg)
            </p>
                        <div class="product-list-rating">
                <span><ul class="rating"><li class="rating-children rating-1 up" data-rating="1"><i class="fa fa-star"></i></li><li class="rating-children rating-2 up" data-rating="2"><i class="fa fa-star"></i></li><li class="rating-children rating-3 up" data-rating="3"><i class="fa fa-star"></i></li><li class="rating-children rating-4 up" data-rating="4"><i class="fa fa-star"></i></li><li class="rating-children rating-5 down" data-rating="5"><i class="fa fa-star"></i></li></ul></span>
            </div>
<div id="snippet-list-buy-18189-quantity">        <div class="product-quantity-control">
            <form action="/produkty-v-akci" method="post" class="ajax" id="frm-list-buy-18189-quantityForm">
                <input type="text" name="quantity" size="3" id="frm-list-buy-18189-quantityForm-quantity" data-nette-rules='[{"op":":integer","msg":"Množství musí být číslo."}]' value="1" aria-label="počet k přidání">
                <input type="submit" name="_submit" value="Přidat" class="product-quantity-control-submit plus" aria-label="přidat počet do košíku">
            <input type="hidden" name="do" value="list-buy-18189-quantityForm-submit"><!--[if IE]><input type=IEbug disabled style="display:none"><![endif]-->
</form>

        </div>
</div>
                <p class="product-incart-info accessible">Produkt nemáte v košíku</p>


        </div>

        
    </div>
    <div id="product-append-36561" class="product-item">
        <div class="product-item-flags">
            <div class="flag-sale ">
                <span class="percents">20<small>&#37;</small></span>
            </div>
        </div>
        <div class="product-item-image">
                <a data-href="/produkty-v-akci?list-id=36561&amp;do=list-modal"
                   data-target="list-productModal"
                   data-product-id="36561"
                   data-product-price="99.8"
                   data-page-title="Losos filet s kůží (cca 200g)"
                   data-page-path="/produkt/36561-losos-filet-s-kuzi-cca-200g"
                   data-user-id=""
                   aria-hidden="true"
                   data-kosikmodal-onclose="onProductModalDestroy"
                   onclick="kosikAjax.click(this, initModalCarousel(this))">
                    <img src="https://cdn.kosik.cz/content/product/jpg/list/placeholder.jpg" data-src="https://cdn.kosik.cz/content/product/jpg/list/54155.jpg" alt="Losos filet s kůží (cca 200g)" class="loading-images loading-image">
                </a>




        </div>
                <div class="product-item-info">
                <h5><a href="javascript:void(0)" aria-label="Losos filet s kůží (cca 200g)" data-href="/produkty-v-akci?list-id=36561&amp;do=list-modal" class="product-name modal-link"
                   data-target="list-productModal" onclick="kosikAjax.click(this, initModalCarousel(this))">
                    Losos filet s kůží (cca 200g)
                    
                </a></h5>
            <p class="product-item-price product-in-discount">
                <span class="price-before-discount">
					<span><strong class="price">99,80 Kč</strong></span>
				</span>
                <small class="circa-prefix">cca </small>
                <strong class="price">79,80 Kč</strong>

            </p>
            <p class="product-item-unit">
                    (<strong class="price">399,00 Kč</strong> / kg)
            </p>
                        <div class="product-list-rating">
                <span><ul class="rating"><li class="rating-children rating-1 up" data-rating="1"><i class="fa fa-star"></i></li><li class="rating-children rating-2 up" data-rating="2"><i class="fa fa-star"></i></li><li class="rating-children rating-3 up" data-rating="3"><i class="fa fa-star"></i></li><li class="rating-children rating-4 up" data-rating="4"><i class="fa fa-star"></i></li><li class="rating-children rating-5 up" data-rating="5"><i class="fa fa-star"></i></li></ul></span>
            </div>
<div id="snippet-list-buy-36561-quantity">        <div class="product-quantity-control">
            <form action="/produkty-v-akci" method="post" class="ajax" id="frm-list-buy-36561-quantityForm">
                <input type="text" name="quantity" size="3" id="frm-list-buy-36561-quantityForm-quantity" data-nette-rules='[{"op":":integer","msg":"Množství musí být číslo."}]' value="1" aria-label="počet k přidání">
                <input type="submit" name="_submit" value="Přidat" class="product-quantity-control-submit plus" aria-label="přidat počet do košíku">
            <input type="hidden" name="do" value="list-buy-36561-quantityForm-submit"><!--[if IE]><input type=IEbug disabled style="display:none"><![endif]-->
</form>

        </div>
</div>
                <p class="product-incart-info accessible">Produkt nemáte v košíku</p>


        </div>

        
    </div>
    <div id="product-append-7847" class="product-item">
        <div class="product-item-flags">
            <div class="flag-sale ">
                <span class="percents">32<small>&#37;</small></span>
            </div>
        </div>
        <div class="product-item-image">
                <a data-href="/produkty-v-akci?list-id=7847&amp;do=list-modal"
                   data-target="list-productModal"
                   data-product-id="7847"
                   data-product-price="37.9"
                   data-page-title="Leerdammer Original 100g"
                   data-page-path="/produkt/7847-leerdammer-original-100g"
                   data-user-id=""
                   aria-hidden="true"
                   data-kosikmodal-onclose="onProductModalDestroy"
                   onclick="kosikAjax.click(this, initModalCarousel(this))">
                    <img src="https://cdn.kosik.cz/content/product/jpg/list/placeholder.jpg" data-src="https://cdn.kosik.cz/content/product/jpg/list/13301.jpg" alt="Leerdammer Original 100g" class="loading-images loading-image">
                </a>




        </div>
                <div class="product-item-info">
                <h5><a href="javascript:void(0)" aria-label="Leerdammer Original 100g" data-href="/produkty-v-akci?list-id=7847&amp;do=list-modal" class="product-name modal-link"
                   data-target="list-productModal" onclick="kosikAjax.click(this, initModalCarousel(this))">
                    Leerdammer Original 100g
                    
                </a></h5>
            <p class="product-item-price product-in-discount">
                <span class="price-before-discount">
					<span><strong class="price">37,90 Kč</strong></span>
				</span>
                <strong class="price">25,90 Kč</strong>

            </p>
            <p class="product-item-unit">
                    (<strong class="price">259,00 Kč</strong> / kg)
            </p>
                        <div class="product-list-rating">
                <span><ul class="rating"><li class="rating-children rating-1 up" data-rating="1"><i class="fa fa-star"></i></li><li class="rating-children rating-2 up" data-rating="2"><i class="fa fa-star"></i></li><li class="rating-children rating-3 up" data-rating="3"><i class="fa fa-star"></i></li><li class="rating-children rating-4 up" data-rating="4"><i class="fa fa-star"></i></li><li class="rating-children rating-5 down" data-rating="5"><i class="fa fa-star"></i></li></ul></span>
            </div>
<div id="snippet-list-buy-7847-quantity">        <div class="product-quantity-control">
            <form action="/produkty-v-akci" method="post" class="ajax" id="frm-list-buy-7847-quantityForm">
                <input type="text" name="quantity" size="3" id="frm-list-buy-7847-quantityForm-quantity" data-nette-rules='[{"op":":integer","msg":"Množství musí být číslo."}]' value="1" aria-label="počet k přidání">
                <input type="submit" name="_submit" value="Přidat" class="product-quantity-control-submit plus" aria-label="přidat počet do košíku">
            <input type="hidden" name="do" value="list-buy-7847-quantityForm-submit"><!--[if IE]><input type=IEbug disabled style="display:none"><![endif]-->
</form>

        </div>
</div>
                <p class="product-incart-info accessible">Produkt nemáte v košíku</p>


        </div>

        
    </div>
    <div id="product-append-2699" class="product-item">
        <div class="product-item-flags">
            <div class="flag-sale ">
                <span class="percents">19<small>&#37;</small></span>
            </div>
        </div>
        <div class="product-item-image">
                <a data-href="/produkty-v-akci?list-id=2699&amp;do=list-modal"
                   data-target="list-productModal"
                   data-product-id="2699"
                   data-product-price="15.9"
                   data-page-title="Magnesia Přírodní perlivá 1,5l"
                   data-page-path="/produkt/2699-magnesia-prirodni-perliva-1-5l"
                   data-user-id=""
                   aria-hidden="true"
                   data-kosikmodal-onclose="onProductModalDestroy"
                   onclick="kosikAjax.click(this, initModalCarousel(this))">
                    <img src="https://cdn.kosik.cz/content/product/jpg/list/placeholder.jpg" data-src="https://cdn.kosik.cz/content/product/jpg/list/2800.jpg" alt="Magnesia Přírodní perlivá 1,5l" class="loading-images loading-image">
                </a>




        </div>
                <div class="product-item-info">
                <h5><a href="javascript:void(0)" aria-label="Magnesia Přírodní perlivá 1,5l" data-href="/produkty-v-akci?list-id=2699&amp;do=list-modal" class="product-name modal-link"
                   data-target="list-productModal" onclick="kosikAjax.click(this, initModalCarousel(this))">
                    Magnesia Přírodní perlivá 1,5l
                    
                </a></h5>
            <p class="product-item-price product-in-discount">
                <span class="price-before-discount">
					<span><strong class="price">15,90 Kč</strong></span>
				</span>
                <strong class="price">12,90 Kč</strong>

            </p>
            <p class="product-item-unit">
                    (<strong class="price">8,60 Kč</strong> / l)
            </p>
                        <div class="product-list-rating">
                <span><ul class="rating"><li class="rating-children rating-1 up" data-rating="1"><i class="fa fa-star"></i></li><li class="rating-children rating-2 up" data-rating="2"><i class="fa fa-star"></i></li><li class="rating-children rating-3 up" data-rating="3"><i class="fa fa-star"></i></li><li class="rating-children rating-4 up" data-rating="4"><i class="fa fa-star"></i></li><li class="rating-children rating-5 up" data-rating="5"><i class="fa fa-star"></i></li></ul></span>
            </div>
<div id="snippet-list-buy-2699-quantity">        <div class="product-quantity-control">
            <form action="/produkty-v-akci" method="post" class="ajax" id="frm-list-buy-2699-quantityForm">
                <input type="text" name="quantity" size="3" id="frm-list-buy-2699-quantityForm-quantity" data-nette-rules='[{"op":":integer","msg":"Množství musí být číslo."}]' value="1" aria-label="počet k přidání">
                <input type="submit" name="_submit" value="Přidat" class="product-quantity-control-submit plus" aria-label="přidat počet do košíku">
            <input type="hidden" name="do" value="list-buy-2699-quantityForm-submit"><!--[if IE]><input type=IEbug disabled style="display:none"><![endif]-->
</form>

        </div>
</div>
                <p class="product-incart-info accessible">Produkt nemáte v košíku</p>


        </div>

        
    </div>
    <div id="product-append-49549" class="product-item">
        <div class="product-item-flags">
            <div class="flag-sale ">
                <span class="percents">41<small>&#37;</small></span>
            </div>
        </div>
        <div class="product-item-image">
                <a data-href="/produkty-v-akci?list-id=49549&amp;do=list-modal"
                   data-target="list-productModal"
                   data-product-id="49549"
                   data-product-price="4.9"
                   data-page-title="Vandemoortele Profiterolky 12,5g KS"
                   data-page-path="/produkt/49549-vandemoortele-profiterolky-12-5g-ks"
                   data-user-id=""
                   aria-hidden="true"
                   data-kosikmodal-onclose="onProductModalDestroy"
                   onclick="kosikAjax.click(this, initModalCarousel(this))">
                    <img src="https://cdn.kosik.cz/content/product/jpg/list/placeholder.jpg" data-src="https://cdn.kosik.cz/content/product/jpg/list/67114.jpg" alt="Vandemoortele Profiterolky 12,5g KS" class="loading-images loading-image">
                </a>




        </div>
                <div class="product-item-info">
                <h5><a href="javascript:void(0)" aria-label="Vandemoortele Profiterolky 12,5g KS" data-href="/produkty-v-akci?list-id=49549&amp;do=list-modal" class="product-name modal-link"
                   data-target="list-productModal" onclick="kosikAjax.click(this, initModalCarousel(this))">
                    Vandemoortele Profiterolky 12,5g KS
                    
                </a></h5>
            <p class="product-item-price product-in-discount">
                <span class="price-before-discount">
					<span><strong class="price">4,90 Kč</strong></span>
				</span>
                <strong class="price">2,90 Kč</strong>

            </p>
            <p class="product-item-unit">
                    (<strong class="price">232,00 Kč</strong> / kg)
            </p>
                        <div class="product-list-rating">
            </div>
<div id="snippet-list-buy-49549-quantity">        <div class="product-quantity-control">
            <form action="/produkty-v-akci" method="post" class="ajax" id="frm-list-buy-49549-quantityForm">
                <input type="text" name="quantity" size="3" id="frm-list-buy-49549-quantityForm-quantity" data-nette-rules='[{"op":":integer","msg":"Množství musí být číslo."}]' value="1" aria-label="počet k přidání">
                <input type="submit" name="_submit" value="Přidat" class="product-quantity-control-submit plus" aria-label="přidat počet do košíku">
            <input type="hidden" name="do" value="list-buy-49549-quantityForm-submit"><!--[if IE]><input type=IEbug disabled style="display:none"><![endif]-->
</form>

        </div>
</div>
                <p class="product-incart-info accessible">Produkt nemáte v košíku</p>


        </div>

        
    </div>
    <div id="product-append-25441" class="product-item">
        <div class="product-item-flags">
            <div class="flag-sale ">
                <span class="percents">33<small>&#37;</small></span>
            </div>
        </div>
        <div class="product-item-image">
                <a data-href="/produkty-v-akci?list-id=25441&amp;do=list-modal"
                   data-target="list-productModal"
                   data-product-id="25441"
                   data-product-price="26.9"
                   data-page-title="TTD Moučka cukr 1kg"
                   data-page-path="/produkt/25441-ttd-moucka-cukr-1kg"
                   data-user-id=""
                   aria-hidden="true"
                   data-kosikmodal-onclose="onProductModalDestroy"
                   onclick="kosikAjax.click(this, initModalCarousel(this))">
                    <img src="https://cdn.kosik.cz/content/product/jpg/list/placeholder.jpg" data-src="https://cdn.kosik.cz/content/product/jpg/list/42720.jpg" alt="TTD Moučka cukr 1kg" class="loading-images loading-image">
                </a>




        </div>
                <div class="product-item-info">
                <h5><a href="javascript:void(0)" aria-label="TTD Moučka cukr 1kg" data-href="/produkty-v-akci?list-id=25441&amp;do=list-modal" class="product-name modal-link"
                   data-target="list-productModal" onclick="kosikAjax.click(this, initModalCarousel(this))">
                    TTD Moučka cukr 1kg
                    
                </a></h5>
            <p class="product-item-price product-in-discount">
                <span class="price-before-discount">
					<span><strong class="price">26,90 Kč</strong></span>
				</span>
                <strong class="price">17,90 Kč</strong>

            </p>
            <p class="product-item-unit">
                    (<strong class="price">17,90 Kč</strong> / kg)
            </p>
                        <div class="product-list-rating">
            </div>
<div id="snippet-list-buy-25441-quantity">        <div class="product-quantity-control">
            <form action="/produkty-v-akci" method="post" class="ajax" id="frm-list-buy-25441-quantityForm">
                <input type="text" name="quantity" size="3" id="frm-list-buy-25441-quantityForm-quantity" data-nette-rules='[{"op":":integer","msg":"Množství musí být číslo."}]' value="1" aria-label="počet k přidání">
                <input type="submit" name="_submit" value="Přidat" class="product-quantity-control-submit plus" aria-label="přidat počet do košíku">
            <input type="hidden" name="do" value="list-buy-25441-quantityForm-submit"><!--[if IE]><input type=IEbug disabled style="display:none"><![endif]-->
</form>

        </div>
</div>
                <p class="product-incart-info accessible">Produkt nemáte v košíku</p>


        </div>

        
    </div>
    <div id="product-append-33594" class="product-item">
        <div class="product-item-flags">
            <div class="flag-sale ">
                <span class="percents">33<small>&#37;</small></span>
            </div>
        </div>
        <div class="product-item-image">
                <a data-href="/produkty-v-akci?list-id=33594&amp;do=list-modal"
                   data-target="list-productModal"
                   data-product-id="33594"
                   data-product-price="36.9"
                   data-page-title="Coca Cola 2,25 l"
                   data-page-path="/produkt/33594-coca-cola-2-25-l"
                   data-user-id=""
                   aria-hidden="true"
                   data-kosikmodal-onclose="onProductModalDestroy"
                   onclick="kosikAjax.click(this, initModalCarousel(this))">
                    <img src="https://cdn.kosik.cz/content/product/jpg/list/placeholder.jpg" data-src="https://cdn.kosik.cz/content/product/jpg/list/51073.jpg" alt="Coca Cola 2,25 l" class="loading-images loading-image">
                </a>




        </div>
                <div class="product-item-info">
                <h5><a href="javascript:void(0)" aria-label="Coca Cola 2,25 l" data-href="/produkty-v-akci?list-id=33594&amp;do=list-modal" class="product-name modal-link"
                   data-target="list-productModal" onclick="kosikAjax.click(this, initModalCarousel(this))">
                    Coca Cola 2,25 l
                    
                </a></h5>
            <p class="product-item-price product-in-discount">
                <span class="price-before-discount">
					<span><strong class="price">36,90 Kč</strong></span>
				</span>
                <strong class="price">24,90 Kč</strong>

            </p>
            <p class="product-item-unit">
                    (<strong class="price">11,10 Kč</strong> / l)
            </p>
                        <div class="product-list-rating">
            </div>
<div id="snippet-list-buy-33594-quantity">        <div class="product-quantity-control">
            <form action="/produkty-v-akci" method="post" class="ajax" id="frm-list-buy-33594-quantityForm">
                <input type="text" name="quantity" size="3" id="frm-list-buy-33594-quantityForm-quantity" data-nette-rules='[{"op":":integer","msg":"Množství musí být číslo."}]' value="1" aria-label="počet k přidání">
                <input type="submit" name="_submit" value="Přidat" class="product-quantity-control-submit plus" aria-label="přidat počet do košíku">
            <input type="hidden" name="do" value="list-buy-33594-quantityForm-submit"><!--[if IE]><input type=IEbug disabled style="display:none"><![endif]-->
</form>

        </div>
</div>
                <p class="product-incart-info accessible">Produkt nemáte v košíku</p>


        </div>

        
    </div>
    <div id="product-append-17053" class="product-item">
        <div class="product-item-flags">
            <div class="flag-sale ">
                <span class="percents">26<small>&#37;</small></span>
            </div>
        </div>
        <div class="product-item-image">
                <a data-href="/produkty-v-akci?list-id=17053&amp;do=list-modal"
                   data-target="list-productModal"
                   data-product-id="17053"
                   data-product-price="22.9"
                   data-page-title="TTD Krupice cukr bílý 1kg"
                   data-page-path="/produkt/17053-ttd-krupice-cukr-bily-1kg"
                   data-user-id=""
                   aria-hidden="true"
                   data-kosikmodal-onclose="onProductModalDestroy"
                   onclick="kosikAjax.click(this, initModalCarousel(this))">
                    <img src="https://cdn.kosik.cz/content/product/jpg/list/placeholder.jpg" data-src="https://cdn.kosik.cz/content/product/jpg/list/34321.jpg" alt="TTD Krupice cukr bílý 1kg" class="loading-images loading-image">
                </a>




        </div>
                <div class="product-item-info">
                <h5><a href="javascript:void(0)" aria-label="TTD Krupice cukr bílý 1kg" data-href="/produkty-v-akci?list-id=17053&amp;do=list-modal" class="product-name modal-link"
                   data-target="list-productModal" onclick="kosikAjax.click(this, initModalCarousel(this))">
                    TTD Krupice cukr bílý 1kg
                    
                </a></h5>
            <p class="product-item-price product-in-discount">
                <span class="price-before-discount">
					<span><strong class="price">22,90 Kč</strong></span>
				</span>
                <strong class="price">16,90 Kč</strong>

            </p>
            <p class="product-item-unit">
                    (<strong class="price">16,90 Kč</strong> / kg)
            </p>
                        <div class="product-list-rating">
            </div>
<div id="snippet-list-buy-17053-quantity">        <div class="product-quantity-control">
            <form action="/produkty-v-akci" method="post" class="ajax" id="frm-list-buy-17053-quantityForm">
                <input type="text" name="quantity" size="3" id="frm-list-buy-17053-quantityForm-quantity" data-nette-rules='[{"op":":integer","msg":"Množství musí být číslo."}]' value="1" aria-label="počet k přidání">
                <input type="submit" name="_submit" value="Přidat" class="product-quantity-control-submit plus" aria-label="přidat počet do košíku">
            <input type="hidden" name="do" value="list-buy-17053-quantityForm-submit"><!--[if IE]><input type=IEbug disabled style="display:none"><![endif]-->
</form>

        </div>
</div>
                <p class="product-incart-info accessible">Produkt nemáte v košíku</p>


        </div>

        
    </div>
    <div id="product-append-3009" class="product-item">
        <div class="product-item-flags">
            <div class="flag-sale ">
                <span class="percents">35<small>&#37;</small></span>
            </div>
        </div>
        <div class="product-item-image">
                <a data-href="/produkty-v-akci?list-id=3009&amp;do=list-modal"
                   data-target="list-productModal"
                   data-product-id="3009"
                   data-product-price="21.5"
                   data-page-title="Budweiser Budvar, pivo světlý ležák, sklo 0,5l"
                   data-page-path="/produkt/3009-budweiser-budvar-pivo-svetly-lezak-sklo-0-5l"
                   data-user-id=""
                   aria-hidden="true"
                   data-kosikmodal-onclose="onProductModalDestroy"
                   onclick="kosikAjax.click(this, initModalCarousel(this))">
                    <img src="https://cdn.kosik.cz/content/product/jpg/list/placeholder.jpg" data-src="https://cdn.kosik.cz/content/product/jpg/list/3116.jpg" alt="Budweiser Budvar, pivo světlý ležák, sklo 0,5l" class="loading-images loading-image">
                </a>




        </div>
                <div class="product-item-info">
                <h5><a href="javascript:void(0)" aria-label="Budweiser Budvar, pivo světlý ležák, sklo 0,5l" data-href="/produkty-v-akci?list-id=3009&amp;do=list-modal" class="product-name modal-link"
                   data-target="list-productModal" onclick="kosikAjax.click(this, initModalCarousel(this))">
                    Budweiser Budvar, pivo světlý ležák, sklo 0,5l
                    
                </a></h5>
            <p class="product-item-price product-in-discount">
                <span class="price-before-discount">
					<span><strong class="price">21,50 Kč</strong></span>
				</span>
                <strong class="price">13,90 Kč</strong>

            </p>
            <p class="product-item-unit">
                    (<strong class="price">27,80 Kč</strong> / l)
            </p>
                        <div class="product-list-rating">
            </div>
<div id="snippet-list-buy-3009-quantity">        <div class="product-quantity-control">
            <form action="/produkty-v-akci" method="post" class="ajax" id="frm-list-buy-3009-quantityForm">
                <input type="text" name="quantity" size="3" id="frm-list-buy-3009-quantityForm-quantity" data-nette-rules='[{"op":":integer","msg":"Množství musí být číslo."}]' value="1" aria-label="počet k přidání">
                <input type="submit" name="_submit" value="Přidat" class="product-quantity-control-submit plus" aria-label="přidat počet do košíku">
            <input type="hidden" name="do" value="list-buy-3009-quantityForm-submit"><!--[if IE]><input type=IEbug disabled style="display:none"><![endif]-->
</form>

        </div>
</div>
                <p class="product-incart-info accessible">Produkt nemáte v košíku</p>


        </div>

        
    </div>
    <div id="product-append-12721" class="product-item">
        <div class="product-item-flags">
            <div class="flag-sale ">
                <span class="percents">28<small>&#37;</small></span>
            </div>
        </div>
        <div class="product-item-image">
                <a data-href="/produkty-v-akci?list-id=12721&amp;do=list-modal"
                   data-target="list-productModal"
                   data-product-id="12721"
                   data-product-price="24.9"
                   data-page-title="Olma Smetana ke šlehání 33% 210g"
                   data-page-path="/produkt/12721-olma-smetana-ke-slehani-33-210g"
                   data-user-id=""
                   aria-hidden="true"
                   data-kosikmodal-onclose="onProductModalDestroy"
                   onclick="kosikAjax.click(this, initModalCarousel(this))">
                    <img src="https://cdn.kosik.cz/content/product/jpg/list/placeholder.jpg" data-src="https://cdn.kosik.cz/content/product/jpg/list/29987.jpg" alt="Olma Smetana ke šlehání 33% 210g" class="loading-images loading-image">
                </a>




        </div>
                <div class="product-item-info">
                <h5><a href="javascript:void(0)" aria-label="Olma Smetana ke šlehání 33% 210g" data-href="/produkty-v-akci?list-id=12721&amp;do=list-modal" class="product-name modal-link"
                   data-target="list-productModal" onclick="kosikAjax.click(this, initModalCarousel(this))">
                    Olma Smetana ke šlehání 33% 210g
                    
                </a></h5>
            <p class="product-item-price product-in-discount">
                <span class="price-before-discount">
					<span><strong class="price">24,90 Kč</strong></span>
				</span>
                <strong class="price">17,90 Kč</strong>

            </p>
            <p class="product-item-unit">
                    (<strong class="price">85,20 Kč</strong> / kg)
            </p>
                        <div class="product-list-rating">
            </div>
<div id="snippet-list-buy-12721-quantity">        <div class="product-quantity-control">
            <form action="/produkty-v-akci" method="post" class="ajax" id="frm-list-buy-12721-quantityForm">
                <input type="text" name="quantity" size="3" id="frm-list-buy-12721-quantityForm-quantity" data-nette-rules='[{"op":":integer","msg":"Množství musí být číslo."}]' value="1" aria-label="počet k přidání">
                <input type="submit" name="_submit" value="Přidat" class="product-quantity-control-submit plus" aria-label="přidat počet do košíku">
            <input type="hidden" name="do" value="list-buy-12721-quantityForm-submit"><!--[if IE]><input type=IEbug disabled style="display:none"><![endif]-->
</form>

        </div>
</div>
                <p class="product-incart-info accessible">Produkt nemáte v košíku</p>


        </div>

        
    </div>
    <div id="product-append-12408" class="product-item">
        <div class="product-item-flags">
            <div class="flag-sale ">
                <span class="percents">50<small>&#37;</small></span>
            </div>
        </div>
        <div class="product-item-image">
                <a data-href="/produkty-v-akci?list-id=12408&amp;do=list-modal"
                   data-target="list-productModal"
                   data-product-id="12408"
                   data-product-price="37.9"
                   data-page-title="Lay's Solené 150g"
                   data-page-path="/produkt/12408-lay-s-solene-150g"
                   data-user-id=""
                   aria-hidden="true"
                   data-kosikmodal-onclose="onProductModalDestroy"
                   onclick="kosikAjax.click(this, initModalCarousel(this))">
                    <img src="https://cdn.kosik.cz/content/product/jpg/list/placeholder.jpg" data-src="https://cdn.kosik.cz/content/product/jpg/list/29675.jpg" alt="Lay's Solené 150g" class="loading-images loading-image">
                </a>




        </div>
                <div class="product-item-info">
                <h5><a href="javascript:void(0)" aria-label="Lay's Solené 150g" data-href="/produkty-v-akci?list-id=12408&amp;do=list-modal" class="product-name modal-link"
                   data-target="list-productModal" onclick="kosikAjax.click(this, initModalCarousel(this))">
                    Lay's Solené 150g
                    
                </a></h5>
            <p class="product-item-price product-in-discount">
                <span class="price-before-discount">
					<span><strong class="price">37,90 Kč</strong></span>
				</span>
                <strong class="price">18,90 Kč</strong>

            </p>
            <p class="product-item-unit">
                    (<strong class="price">126,00 Kč</strong> / kg)
            </p>
                        <div class="product-list-rating">
                <span><ul class="rating"><li class="rating-children rating-1 up" data-rating="1"><i class="fa fa-star"></i></li><li class="rating-children rating-2 up" data-rating="2"><i class="fa fa-star"></i></li><li class="rating-children rating-3 up" data-rating="3"><i class="fa fa-star"></i></li><li class="rating-children rating-4 up" data-rating="4"><i class="fa fa-star"></i></li><li class="rating-children rating-5 up" data-rating="5"><i class="fa fa-star"></i></li></ul></span>
            </div>
<div id="snippet-list-buy-12408-quantity">        <div class="product-quantity-control">
            <form action="/produkty-v-akci" method="post" class="ajax" id="frm-list-buy-12408-quantityForm">
                <input type="text" name="quantity" size="3" id="frm-list-buy-12408-quantityForm-quantity" data-nette-rules='[{"op":":integer","msg":"Množství musí být číslo."}]' value="1" aria-label="počet k přidání">
                <input type="submit" name="_submit" value="Přidat" class="product-quantity-control-submit plus" aria-label="přidat počet do košíku">
            <input type="hidden" name="do" value="list-buy-12408-quantityForm-submit"><!--[if IE]><input type=IEbug disabled style="display:none"><![endif]-->
</form>

        </div>
</div>
                <p class="product-incart-info accessible">Produkt nemáte v košíku</p>


        </div>

        
    </div>
    <div id="product-append-28421" class="product-item">
        <div class="product-item-flags">
            <div class="flag-sale ">
                <span class="percents">60<small>&#37;</small></span>
            </div>
        </div>
        <div class="product-item-image">
                <a data-href="/produkty-v-akci?list-id=28421&amp;do=list-modal"
                   data-target="list-productModal"
                   data-product-id="28421"
                   data-product-price="49.9"
                   data-page-title="Red Bull Energy drink PET 330ml"
                   data-page-path="/produkt/28421-red-bull-energy-drink-pet-330ml"
                   data-user-id=""
                   aria-hidden="true"
                   data-kosikmodal-onclose="onProductModalDestroy"
                   onclick="kosikAjax.click(this, initModalCarousel(this))">
                    <img src="https://cdn.kosik.cz/content/product/jpg/list/placeholder.jpg" data-src="https://cdn.kosik.cz/content/product/jpg/list/45761.jpg" alt="Red Bull Energy drink PET 330ml" class="loading-images loading-image">
                </a>




        </div>
                <div class="product-item-info">
                <h5><a href="javascript:void(0)" aria-label="Red Bull Energy drink PET 330ml" data-href="/produkty-v-akci?list-id=28421&amp;do=list-modal" class="product-name modal-link"
                   data-target="list-productModal" onclick="kosikAjax.click(this, initModalCarousel(this))">
                    Red Bull Energy drink PET 330ml
                    
                </a></h5>
            <p class="product-item-price product-in-discount">
                <span class="price-before-discount">
					<span><strong class="price">49,90 Kč</strong></span>
				</span>
                <strong class="price">19,90 Kč</strong>

            </p>
            <p class="product-item-unit">
                    (<strong class="price">60,30 Kč</strong> / l)
            </p>
                        <div class="product-list-rating">
            </div>
<div id="snippet-list-buy-28421-quantity">        <div class="product-quantity-control">
            <form action="/produkty-v-akci" method="post" class="ajax" id="frm-list-buy-28421-quantityForm">
                <input type="text" name="quantity" size="3" id="frm-list-buy-28421-quantityForm-quantity" data-nette-rules='[{"op":":integer","msg":"Množství musí být číslo."}]' value="1" aria-label="počet k přidání">
                <input type="submit" name="_submit" value="Přidat" class="product-quantity-control-submit plus" aria-label="přidat počet do košíku">
            <input type="hidden" name="do" value="list-buy-28421-quantityForm-submit"><!--[if IE]><input type=IEbug disabled style="display:none"><![endif]-->
</form>

        </div>
</div>
                <p class="product-incart-info accessible">Produkt nemáte v košíku</p>


        </div>

        
    </div>
</div>

<div class="kosik-modal-overlay product-modal" id="list-productModal" role="dialog">
    <div class="kosik-modal-inner large super-scaled" id="snippet-list-productModalArea">
    </div>
</div>


<div class="kosik-modal-overlay" id="list-productSetModal" role="dialog">
    <div class="kosik-modal-inner large super-scaled" id="snippet-list-productSetModalArea">
    </div>
</div>
                </div>
            </div>
        </div>
    </div>

		</div>


		<div class="zone-wrapper zone-postscript-wrapper clearfix" id="footer-fixing-element">
			<div class="zone zone-postscript clearfix">
				<h2 class="hp-brand-carousel-title" style="display: none">Oblíbené značky</h2>
				<div class="region region-brands-carousel">
					<div class="region-inner region-brands-carousel-inner">

												<div>
	<div class="company-box" style="filter: grayscale(100%)" onmouseover="this.style.WebkitFilter='grayscale(0%)'" onmouseout="this.style.WebkitFilter='grayscale(100%)'">
		<a href="/birell-botanicals" aria-label="Birell Botanicals">
			<img style="margin-top: 15%" src="/content/microsites/birell/logo.jpg" alt="Birell Botanicals" aria-hidden="true">
			<div class="company-text" aria-hidden="true">Birell Botanicals</div>
		</a>
	</div>
</div>
												<div>
	<div class="company-box" style="filter: grayscale(100%)" onmouseover="this.style.WebkitFilter='grayscale(0%)'" onmouseout="this.style.WebkitFilter='grayscale(100%)'">
		<a href="/brand/penam" aria-label="Penam">
			<img style="margin-top: 15%" src="https://cdn.kosik.cz/content/brand-logo/png/default/86.png" alt="Penam" aria-hidden="true">
			<div class="company-text" aria-hidden="true">Penam</div>
		</a>
	</div>
</div>
<div>
	<div class="company-box" style="filter: grayscale(100%)" onmouseover="this.style.WebkitFilter='grayscale(0%)'" onmouseout="this.style.WebkitFilter='grayscale(100%)'">
		<a href="/brand/madeta" aria-label="Madeta">
			<img style="margin-top: 15%" src="https://cdn.kosik.cz/content/brand-logo/png/default/101.png" alt="Madeta" aria-hidden="true">
			<div class="company-text" aria-hidden="true">Madeta</div>
		</a>
	</div>
</div>
<div>
	<div class="company-box" style="filter: grayscale(100%)" onmouseover="this.style.WebkitFilter='grayscale(0%)'" onmouseout="this.style.WebkitFilter='grayscale(100%)'">
		<a href="/brand/danone" aria-label="Danone">
			<img style="margin-top: 15%" src="https://cdn.kosik.cz/content/brand-logo/png/default/109.png" alt="Danone" aria-hidden="true">
			<div class="company-text" aria-hidden="true">Danone</div>
		</a>
	</div>
</div>
<div>
	<div class="company-box" style="filter: grayscale(100%)" onmouseover="this.style.WebkitFilter='grayscale(0%)'" onmouseout="this.style.WebkitFilter='grayscale(100%)'">
		<a href="/brand/dr-oetker" aria-label="Dr. Oetker">
			<img style="margin-top: 15%" src="https://cdn.kosik.cz/content/brand-logo/png/default/313.png" alt="Dr. Oetker" aria-hidden="true">
			<div class="company-text" aria-hidden="true">Dr. Oetker</div>
		</a>
	</div>
</div>
<div>
	<div class="company-box" style="filter: grayscale(100%)" onmouseover="this.style.WebkitFilter='grayscale(0%)'" onmouseout="this.style.WebkitFilter='grayscale(100%)'">
		<a href="/brand/pickwick" aria-label="Pickwick">
			<img style="margin-top: 15%" src="https://cdn.kosik.cz/content/brand-logo/png/default/357.png" alt="Pickwick" aria-hidden="true">
			<div class="company-text" aria-hidden="true">Pickwick</div>
		</a>
	</div>
</div>
<div>
	<div class="company-box" style="filter: grayscale(100%)" onmouseover="this.style.WebkitFilter='grayscale(0%)'" onmouseout="this.style.WebkitFilter='grayscale(100%)'">
		<a href="/brand/velkopopovicky-kozel" aria-label="Velkopopovický Kozel">
			<img style="margin-top: 15%" src="https://cdn.kosik.cz/content/brand-logo/png/default/448.png" alt="Velkopopovický Kozel" aria-hidden="true">
			<div class="company-text" aria-hidden="true">Velkopopovický Kozel</div>
		</a>
	</div>
</div>
<div>
	<div class="company-box" style="filter: grayscale(100%)" onmouseover="this.style.WebkitFilter='grayscale(0%)'" onmouseout="this.style.WebkitFilter='grayscale(100%)'">
		<a href="/brand/edeka" aria-label="Edeka">
			<img style="margin-top: 15%" src="https://cdn.kosik.cz/content/brand-logo/png/default/678.png" alt="Edeka" aria-hidden="true">
			<div class="company-text" aria-hidden="true">Edeka</div>
		</a>
	</div>
</div>

					</div>
				</div>
				<div class="region region-subscribe-box">
					<div class="region-inner region-subscribe-box-inner">
						<div class="block block-subscribe-box-logo">
							<a aria-hidden="true" href="/">
								<img src="/css/images/logo-white.svg" alt="Košík.cz">
							</a>
						</div>
						<div class="block block-subscribe-box-social">
							<a href="https://twitter.com/kosikcz" class="twitter" title="Twitter" aria-label="Twitter">
								<i class="fa fa-twitter" aria-hidden="true"></i>
							</a>
							<a href="https://www.facebook.com/kosikcz" title="Facebook" class="facebook" aria-label="Facebook">
								<i class="fa fa-facebook" aria-hidden="true"></i>
							</a>
							<a href="https://www.instagram.com/kosik.cz/" title="Instagram" class="instagram" aria-label="Instagram" >
								<i class="fa fa-instagram" aria-hidden="true"></i>
							</a>
						</div>

<div class="block block-subscribe-email" id="snippet-subscribeMailing-subscribeFormArea">
		<p>Novinky a akční nabídky</p>
		<form action="/produkty-v-akci" method="post" class="ajax" id="frm-subscribeMailing-subscribe">
		<label for="frm-subscribeMailing-subscribe-email">Zadejte svůj e-mail</label>
		<input type="text" name="email" placeholder="Zadejte svůj e-mail" id="frm-subscribeMailing-subscribe-email" required data-nette-rules='[{"op":":filled","msg":"E-mail je povinný"},{"op":":email","msg":"E-mail nemá správný formát"}]'>
		<input type="submit" name="_submit" value="Přihlásit" class="subscribe-button button-simple button-green" aria-label="Přihlásit se k odběru novinek">
		<input type="hidden" name="do" value="subscribeMailing-subscribe-submit"><!--[if IE]><input type=IEbug disabled style="display:none"><![endif]-->
</form>

</div>
					</div>
				</div>

			</div>
		</div>

		<footer class="zone-wrapper zone-footer-wrapper clearfix" role="contentinfo">
			<div class="zone zone-footer clearfix">
				<h2 class="accessible">Patička</h2>
				<div class="region region-footer lighter-gray-bg">
					<div class="region-inner region-footer-inner">
						<div class="block block-footer-left">

	<ul>
		<li>
			<h4 class="footer-title">Nakupování</h4>
			<ul>
				<li>
					<a href="/pripravene-nakupy">Připravené nákupy</a>
				</li>
				<li>
					<a href="/pruvodce-nakupem">Průvodce nákupem</a>
				</li>
				<li>
					<a href="/produkty-v-akci">Produkty v akci</a>
				</li>
				<li>
					<a href="/brands">Značkové obchody</a>
				</li>
				<li>
					<a href="/doporucujeme">Doporučujeme</a>
				</li>
			</ul>
		</li>
	</ul>
	<ul>
		<li>
			<h4 class="footer-title">Společnost</h4>
			<ul>
				<li>
					<a href="/spolecnost/kontakt">Kontakt</a>
				</li>
				<li>
					<a href="/kariera">Kariéra</a>
				</li>
				<li>
					<a href="/spolecnost/obchodni-podminky">Obchodní podmínky</a>
				</li>
				<li>
					<a href="/spolecnost/zrusit-odber">Zrušit odběr akční nabídky</a>
				</li>
			</ul>
		</li>
	</ul>
	<ul>
		<li>
			<h4 class="footer-title">Zajímá vás</h4>
			<ul>
				<li>
					<a href="/zajima-vas/proc-vybrat-kosik">Proč vybrat Košík.cz?</a>
				</li>
				<li>
					<a href="/zajima-vas/caste-dotazy">Časté dotazy</a>
				</li>
				<li>
					<a href="/zajima-vas/spoluprace">Spolupráce</a>
				</li>
				<li>
					<a href="/vitejte">První nákup</a>
				</li>
			</ul>
		</li>
	</ul>
	<ul>
		<li>
			<h4 class="footer-title">Získejte</h4>
			<ul>
				<li>
					<a href="/informace-o-rozvozu-a-cenach">Informace o rozvozu a cenách</a>
				</li>
				<li>
					<a href="/garance-spokojenosti">Garance spokojenosti</a>
				</li>
			</ul>
		</li>
	</ul>
						</div>
						<div class="block block-footer-right">
							<a href="https://www.facebook.com/kosikcz" class="accessible">Facebook Košík.cz</a>
							<div class="fb-page" data-href="https://www.facebook.com/kosikcz" data-width="300"
								 data-height="200"
								 data-small-header="true" data-adapt-container-width="false" data-hide-cover="false"
								 data-show-facepile="true" data-show-posts="false" aria-hidden="true">
								<div class="fb-xfbml-parse-ignore">
									<blockquote cite="https://www.facebook.com/kosikcz"><a
												href="https://www.facebook.com/kosikcz">Facebook</a></blockquote>
								</div>
							</div>
						</div>
						<div class="clear"></div>
						<div class="block block-footer-services">
							<div class="service-contact">
								<div class="service-phone">
									<span class="circle"><i class="fa fa-phone" aria-label="Telefon"></i></span>
									<p>226 220 500 <span>Denně 7:00 až 22:00</span></p>
							</div>
								<div class="service-mail">
									<span class="circle"><i class="fa fa-envelope" aria-label="E-mail"></i></span>

									<p>zakaznici@kosik.cz <span>Vašim e-mailům se věnujeme 7 dní v týdnu.</span></p>
								</div>
							</div>
							<div class="service-payment">
									<div class="payment">
										<img src="/css/images/payment-1.png" alt="Bezpečná platba - 1">
									</div>
									<div class="payment">
										<img src="/css/images/payment-2.png" alt="Bezpečná platba - 2">
									</div>
									<div class="payment">
										<img src="/css/images/payment-3.png" alt="Bezpečná platba - 3">
									</div>
									<div class="payment">
										<img src="/css/images/payment-4.png" alt="Bezpečná platba - 4">
									</div>
									<div class="payment">
										<img src="/css/images/payment-5.png" alt="Bezpečná platba - 5">
									</div>
							</div>
						</div>
					</div>
				</div>
				<div class="region region-copyright">
					<div class="region-inner region-copyright-inner">
						<p>Copyright ©2017 &copy; Košík.cz. Všechna práva vyhrazena.</p>
												<!-- Facebook Pixel Code -->
						<script>
							!function (f, b, e, v, n, t, s){if(f.fbq)return;n=f.fbq=function(){n.callMethod?
				n.callMethod.apply(n,arguments):n.queue.push(arguments)};if(!f._fbq)f._fbq=n;
				n.push=n;n.loaded=!0;n.version='2.0';n.queue=[];t=b.createElement(e);t.async=!0;
				t.src=v;s=b.getElementsByTagName(e)[0];s.parentNode.insertBefore(t,s)}(window,
									document, 'script', '//connect.facebook.net/en_US/fbevents.js');
							fbq('init', '338087796401059');
							fbq('track', "PageView");</script>
						<noscript><img height="1" width="1" style="display:none"
									   src="https://www.facebook.com/tr?id=338087796401059&ev=PageView&noscript=1"
							></noscript>
						<!-- End Facebook Pixel Code -->
					</div>
				</div>
			</div>
		</footer>

				<section class="kosik-modal-overlay zero-padding" id="weighable-modal" role="dialog" tabindex="-1">
			<div class="kosik-modal-inner large  super-scaled">

				<a href="javascript:void(0)" aria-label="Zavřít dialog" class="kosik-modal-close"></a>

				<div class="region region-fullwidth-image">
					<div class="region-inner region-fullwidth-image-inner">
						<img src="/css/images/veg.jpg" alt="">
					</div>
				</div>
				<div class="region region-modal-content">
					<div class="region-inner region-modal-content-inner  align-center">
						<h1 class="title"><strong>Kolik u nás zaplatíte</strong> <span>za maso, ovoce a zeleninu?</span></h1>

						<div class="block block-steps">
							<div class="block-steps-inner">
								<div class="step">
																		<p class="step-text">Slovíčka „cca" se u nás bát nemusíte! Jde pouze o přibližný
										odhad ceny, <strong>ve finále vám naúčtujeme pouze reálnou váhu daného
											výrobku.</strong></p>
								</div>
								<div class="step">
																		<p class="step-text">Při platbě v hotovosti vás kurýr obeznámí s výslednou cenou.
										Při platbě kartou vám případný rozdíl bude vrácen zpět na váš účet.</p>
								</div>
								<div class="step">
																		<p class="step-text">Nikdy se však nebude jednat o rozdíl větší než 30% z ceny
										výrobku.</p>
								</div>
							</div>
						</div>
						<a class="button button-red green-button"
						   onclick="kosikModal.closeModal(document.getElementById('weighable-modal'))">Pokračovat v nákupu</a>
					</div>
				</div>

			</div>
		</section>




        <div class="kosik-modal-overlay" id="login-modal" role="dialog" tabindex="-1" aria-labelledby="login-modal-label">
            <div class="kosik-modal-inner medium super-scaled">
                <div class="login-modal-dialog-box">
<a href="javascript:void(0)" aria-label="Zavřít dialog" class="log-in-close-tag kosik-modal-close"></a>
<div class="login-modal" id="snippet-loginModal-signIn-singIN">
        <h2 id="login-modal-label">Přihlásit</h2>
        <form action="/produkty-v-akci" method="post" id="frm-loginModal-signIn-signInForm">
            <div class="form-row">
                    <label for="frm-loginModal-signIn-signInForm-email">E-mailová adresa</label>
                <input type="text" name="email" maxlength="255" id="frm-loginModal-signIn-signInForm-email" required data-nette-rules='[{"op":":filled","msg":"Zadejte prosím svoji e-mailovou adresu."},{"op":":email","msg":"E-mailová adresa nemá správný formát."},{"op":":maxLength","msg":"Maximální délka e-mailové adresy je %length% znaků.","arg":255}]' class="form-control">
            </div>
            <div class="form-row">
                    <label for="frm-loginModal-signIn-signInForm-password">Heslo</label>
                <input type="password" name="password" id="frm-loginModal-signIn-signInForm-password" required data-nette-rules='[{"op":":filled","msg":"Zadejte prosím své heslo."}]' class="form-control">
            </div>
            <div class="form-row">
                <a class="ajax link-red" href="/produkty-v-akci?do=loginModal-signIn-recovery">Zapomněli jste heslo?</a>
            </div>
            <div class="form-row">
                <input type="submit" name="send" value="Přihlásit" class="button button-red ajax">
            </div>
        <input type="hidden" name="do" value="loginModal-signIn-signInForm-submit"></form>

        <div class="form-row">
            <span class="row-delimiter">
                <b>nebo</b>
            </span>
        </div>
        <div class="form-row">
<a class="button button-facebook" data-href="true" href="/produkty-v-akci?do=loginModal-signIn-facebook-fbLogin-open">Facebook přihlášení</a>        </div>
</div>
<div class="login-modal" id="snippet-loginModal-signUp-singUP">
    <h2>Registrovat</h2>
<div id="snippet-loginModal-signUp-register">        <form action="/produkty-v-akci" method="post" id="frm-loginModal-signUp-signUpFormMain">
            <div class="form-row">
                    <label for="frm-loginModal-signUp-signUpFormMain-email">Registrační e-mail</label>
                <input type="text" name="email" maxlength="255" id="frm-loginModal-signUp-signUpFormMain-email" required data-nette-rules='[{"op":":filled","msg":"Zadejte prosím svou e-mailovou adresu."},{"op":":email","msg":"E-mailová adresa nemá správný formát."},{"op":":maxLength","msg":"Maximální délka e-mailové adresy je %length% znaků.","arg":255}]' class="form-control signup-email">
            </div>

            <div class="form-row">
                <a href="/zajima-vas/proc-vybrat-kosik" class="link-red">Proč se registrovat?</a>
            </div>
            <div class="form-row">
                <input type="submit" name="send" value="Registrovat" class="ajax button button-red">
            </div>
        <input type="hidden" name="do" value="loginModal-signUp-signUpFormMain-submit"><!--[if IE]><input type=IEbug disabled style="display:none"><![endif]-->
</form>

                                                <p class="benefits">
            <i class="fa fa-check"></i>
            <b>Garance</b> spokojenosti
        </p>
        <p class="benefits">
            <i class="fa fa-check"></i>
            <b>Doprava</b> zdarma
        </p>
</div></div>

<script async>
    $(".signup-email").on("focus", function() {
    	window.dataLayer = window.dataLayer || [];
	    window.dataLayer.push({
		    'event': 'ga.event',
		    'eCategory': 'User',
		    'eAction': 'Registration',
		    'eLabel': 'Start',
		    'eValue': 1,
		    'eNonInteractionHit': true,
		    'eventCallback' : function() {
			    window.dataLayer.push({
				    'eCategory': undefined,
				    'eAction': undefined,
				    'eLabel': undefined,
				    'eValue': undefined,
				    'eNonInteractionHit': false
			    });
		    }
	    });
    })
</script>
                </div>
            </div>
        </div>
    <div class="kosik-modal-overlay" id="product-set-add-modal" role="dialog" tabindex="-1">
        <div class="kosik-modal-inner medium super-scaled">
            <a href="javascript:void(0)" aria-label="Zavřít dialog" class="kosik-modal-close"></a>

				<div class="product-set-add-modal-overlay" id="snippet--productSetModalArea">
	<h3>Přidání na seznam</h3>
	<p align="center">Produkt byl přidán na nákupní seznam</p>
				</div>
			</div>
		</div>
	</div>

	<script type="text/javascript">
		$(document).ready(function () {
			$('.region-brands-carousel-inner').slick({
				dots: false,
				infinite: true,
				slidesToShow: 6,
				slidesToScroll: 6,
				responsive: [
					{
						breakpoint: 1025,
						settings: {
							slidesToShow: 5,
                            swipeToSlide: true
						}
					},
					{
						breakpoint: 769,
						settings: {
							slidesToShow: 4,
                            swipeToSlide: true
						}
					},
					{
						breakpoint: 559,
						settings: {
							slidesToShow: 3,
                            swipeToSlide: false,
                            slidesToScroll: 3,
						}
					},
					{
						breakpoint: 380,
						settings: {
							slidesToShow: 2,
                            swipeToSlide: false,
                            slidesToScroll: 2,
						}
					}
				]
			});
		});

	</script>
</div>        </div>
        <div class="flass-massege-box" id="snippet--flashes">
            <div class="flass-wrapper">
                <div class="flass-inner">
                </div>
            </div>

        </div>
        <script src="/js/kosik-slider.js"></script>
            <script type="text/javascript" async>
                var ua = navigator.userAgent.toLowerCase(),
                        platform = navigator.platform.toLowerCase();
                platformName = ua.match(/ip(?:ad|od|hone)/) ? 'ios' : (ua.match(/(?:webos|android)/) || platform.match(/mac|win|linux/) || ['other'])[0],
                        isMobile = /ios|android|webos/.test(platformName);
                if (!isMobile) {
                    <!-- Daktela Chat - START Body -->
                    var _daktelaChatInit = _daktelaChatInit || {};
                    _daktelaChatInit.server = 'https://digitalengines.daktela.com/';
                    _daktelaChatInit.accessToken = 'q3059750300809p3r611r01np2n63r7r';
                    _daktelaChatInit.queueName = '91001';
                    jQuery('head').append('<script type="text/javascript" charset="utf-8" src="'+
                    _daktelaChatInit.server+'external/chat/chat.v6.js" async><'+'/script>');
                    <!-- Daktela Chat - END Body -->
                }
            </script>
            <script async src="https://yottlyscript.com/script.js?tp=77"></script>

        <script src="/js/wNumb.js"></script>
        <script src="/js/nouislider.js"></script>
        <script src="/js/notification.js"></script>
        <script src="/js/slim.kickstart.min.js"></script>


		    </body>
</html>
